@string{til = {\~\,$\!$}}

@string{jcss={Journal of Computer and System Sciences}}
@string{joc={Journal of Cryptology}}
@string{jcrypt=joc}

@string{sicomp={SIAM Journal on Computing}}
@string{siamjc=sicomp}

@string{combinatorica={Combinatorica}}
@string{jacm={Journal of the ACM}}
@string{eccc={Electronic Colloquium on Computational Complexity}}
@string{tcs={Theoretical Computer Science}}
@string{itcs={Innovations in Theoretical Computer Science}}
@string{lncs={Lecture Notes in Computer Science}}
@string{ipl={Information Processing Letters}}
@string{tit={IEEE Transactions on Information Theory}}
@string{eprint={Cryptology ePrint Archive}}
@string{iandc={Information and Control}}
@string{ieee={IEEE Computer Society}}
@string{springer={Springer}}
@string{acm={ACM Press}}
@string{arxiv={arXiv}}

@string{stoc={Annual ACM Symposium on Theory of Computing (STOC)}}
@string{focs={Annual Symposium on Foundations of Computer Science (FOCS)}}
@string{crypto={Annual International Cryptology Conference (CRYPTO)}}
@string{ec={Annual International Conference on the Theory and Applications of Cryptographic Techniques (EUROCRYPT)}}
@string{ac={Annual International Conference on the Theory and Application of Cryptology and Information Security (ASIACRYPT)}}
@string{tcc={Theory of Cryptography (TCC)}}
@string{tcc16A={Theory of Cryptography Conference (TCC), 2016-A}}
@string{tcc16B={Theory of Cryptography Conference (TCC), 2016-B}}
@string{coco={Annual IEEE Conference on Computational Complexity (COMPLEXITY)}}
@string{itcs={ACM Conference on Innovations in Theoretical Computer Science (ITCS)}}
@string{icalp={Automata, Languages and Programming, 24th International Colloquium (ICALP)}}

@string{disc={International Symposium on Distributed Computing (DISC)}}
@string{soda={Symposium on Discrete Algorithms (SODA)}}


@InProceedings{OngVa07,
	author      = {Shien Jin Ong and Salil Vadhan},
	title       = {Zero Knowledge and Soundness are Symmetric},
	booktitle=ec,
	pages       = {187--209},
	year        = {2007},
}

@techreport{OV06,
	author      = {Shien Jin Ong and Salil Vadhan},
	title       = {Zero Knowledge and Soundness are Symmetric},
	institution = eccc,
	number      = {TR06-139},
	year        = {2006},
}

@techreport{KatzKo05,
	author = {Jonathan Katz and {Chiu-Yuen} Koo},
	title = {On Constructing Universal One-Way Hash Functions from Arbitrary One-Way Functions},
	institution = eprint,
	number  = {2005/328},
	year = {2005},
}


@inproceedings{HaitnerRe:IH07,
	author    = {Iftach Haitner and Omer Reingold},
	title     = {A New Interactive Hashing Theorem},
	booktitle = coco22,
	year      = {2007},
}




@ARTICLE{HaitnerRe:IH14,
	author    = {Iftach Haitner and Omer Reingold},
	TITLE     = {A New Interactive Hashing Theorem},
	JOURNAL   = jcrypt,
	YEAR      = {2014},
	volume    = {36},
	number    = {4},
	pages     = {1160-1214},
	note      = "Preliminary version in {\it Complexity'07}.",
}





@inproceedings{Haitner04,
	author    = {Iftach Haitner},
	title     = {Implementing Oblivious Transfer Using Collection of Dense
	Trapdoor Permutations},
	booktitle = tcc,
	year      = {2004},
	pages     = {394-409}
}
@inproceedings{Haitner08,
	author    = {Iftach Haitner},
	title     = {Semi-Honest to Malicious Oblivious Transfer - The Black-Box Way},
	booktitle = tcc,
	year      = {2008},
	pages     = {394-409}
}





@InProceedings{HaitnerRe07,
	author = {Iftach Haitner and Omer Reingold},
	title = {Statistically-Hiding Commitment from Any One-Way Function},
	booktitle = stoc,
	year      = 2007,
}


@article{HaitnerHRS15,
	title={Finding Collisions in Interactive Protocols---Tight Lower Bounds on the Round and Communication Complexities of Statistically Hiding Commitments},
	author={Haitner, Iftach and Hoch, Jonathan J and Reingold, Omer and Segev, Gil},
	journal= sicomp,
	volume={44},
	number={1},
	pages={193--242},
	year={2015},
}

@book{mitzenmacher2017probability,
  title={Probability and Computing: Randomization and Probabilistic Techniques in Algorithms and Data Analysis},
  author={Mitzenmacher, Michael and Upfal, Eli},
  year={2017},
  publisher={Cambridge University Press},
  edition={2nd},
  note={Lemma 4.3, page 69}
}
@book{hardy1952inequalities,
  title={Inequalities},
  author={Hardy, Godfrey H. and Littlewood, John E. and P{\'o}lya, George},
  year={1952},
  publisher={Cambridge University Press},
  edition={2nd},
  note={Theorem 16 (Arithmetic and Geometric Means), p. 26}
}

@misc{ChoFucOne24,
      author = {Gavin Cho and Georg Fuchsbauer and Adam O'Neill},
      title = {Schnorr Signatures are Tightly Secure in the {ROM} under a Non-interactive Assumption},
      howpublished = {Cryptology {ePrint} Archive, Paper 2024/1528},
      year = {2024},
      url = {https://eprint.iacr.org/2024/1528}
}


@ARTICLE{Vadhan06,
	AUTHOR    = "Salil P. Vadhan",
	TITLE     = "An Unconditional Study of Computational Zero Knowledge",
	JOURNAL   = siamjc,
	YEAR      = "2006",
	volume    = {36},
	number    = {4},
	pages     = {1160-1214},
	note      = "Preliminary version in {\it FOCS'04}.",
}

@InProceedings{NguyenOnVa06,
	author    = {{Minh-Huyen} Nguyen and Shien Jin Ong and Salil Vadhan},
	title     = {Statistical Zero-Knowledge Arguments for {NP} from Any One-Way Function},
	booktitle      =focs47,
	pages     = {3-14},
	year      = 2006,
}

@article {BrassardCrYu91,
	AUTHOR = {Brassard, Gilles and Cr{\'e}peau, Claude and Yung, Moti},
	TITLE = {Constant-round perfect zero-knowledge computationally
	convincing protocols},
	JOURNAL = tcs,
	VOLUME = {84},
	YEAR = {1991},
	NUMBER = {1},
	PAGES = {23--52},
}

@inproceedings{Damgard87,
	author    = {Ivan Damg{\aa}rd},
	title     = {Collision Free Hash Functions and Public Key Signature Schemes.},
	booktitle  = ec87,
	year      = {1987},
	pages     = {203-216},
}

@PHDTHESIS{Rudich88,
	AUTHOR =       "Steven Rudich",
	TITLE =        "Limits on the Provable Consequences of One-Way Functions",
	SCHOOL =       "U.C. Berkeley",
	YEAR =         "1988"
}

@inproceedings{KahnSaSm00,
	AUTHOR = {Kahn, Jeff and Saks, Michael and Smyth, Cliff},
	TITLE = {A dual version of {R}eimer's inequality and a proof of
	{R}udich's conjecture},
	BOOKTITLE = {15th Annual IEEE Conference on Computational Complexity},
	PAGES = {98--103},
	YEAR = {2000},
}

@inproceedings{NaorYu89,
	author    = {Moni Naor and
	Moti Yung},
	title     = {Universal One-Way Hash Functions and their Cryptographic
	Applications},
	booktitle = stoc,
	year      = {1989},
	pages     = {33-43},
}

@inproceedings{BellareImNa97,
	author    = {Mihir Bellare and
	Russell Impagliazzo and
	Moni Naor},
	title     = {Does Parallel Repetition Lower the Error in Computationally
	Sound Protocols?},
	booktitle = focs,
	year      = {1997},
	pages     = {374-383},
}


@Article{OstrovskyVY:IH,
	author    = {Rafail Ostrovsky and
	Ramarathnam Venkatesan and
	Moti Yung},
	title     = {Fair Games Against an All-Powerful Adversary},
	journal   = {AMS DIMACS Series in Discrete Mathematics and Theoretical Computer Science},
	vol       = 13,
	pages     = "155-169",
	year      = 1993,
	note      = "Preliminary version in {\it SEQUENCES'91}",
}

@inproceedings{BennettBR,
	author    = {Charles H. Bennett and
	Gilles Brassard and
	Jean-Marc Robert},
	title     = {How to Reduce Your Enemy's Information},
	booktitle=crypto,
	year      = {1985},
	pages     = {468-476},
}

@InProceedings{Dinur06,
	title   = {The {PCP} Theorem via Gap Amplification},
	author  = {Dinur, Irit},
	booktitle = stoc,
	year    = 2006,
}

@techreport{Goldreich-bravely-eccc,
	title={Bravely, Moderately: A Common Theme in Four Recent Results},
	author={Goldreich, Oded},
	institution=eccc,
	number = "TR05-098",
	year= 2005,
}

@inproceedings{Reingold05,
	author    = {Omer Reingold},
	title     = {Undirected {ST}-connectivity in log-space.},
	booktitle=stoc37,
	year      = {2005},
	pages     = {376-385},
}

@InProceedings{MicciancioVa03,
	author    = {Daniele Micciancio and Salil Vadhan},
	title     = {Statistical zero-knowledge proofs with efficient provers: lattice problems and more},
	booktitle= crypto03,
	pages     = {282--298},
	year      = {2003},
}

@inproceedings{BarakOnVa03,
	author    = {Boaz Barak and
	Shien Jin Ong and
	Salil Vadhan},
	title     = {Derandomization in Cryptography.},
	booktitle  = crypto03,
	year      = {2003},
	pages     = {299-315},
}

@inproceedings{Simon98,
	author    = {Daniel Simon},
	title     = {Finding Collisions on a One-Way Street: Can Secure Hash
	Functions Be Based on General Assumptions?},
	booktitle  = ec98,
	year      = {1998},
	pages     = {334-345},
}

@article{BoyarKuKr90,
	author    = {Joan F. Boyar and
	Stuart A. Kurtz and
	Mark W. Krentel},
	title     = {A Discrete Logarithm Implementation of Perfect Zero-Knowledge
	Blobs},
	journal   = jcrypt,
	volume    = {2},
	number    = {2},
	year      = {1990},
	pages     = {63-76},
}

@article {DamgardPePf98,
	AUTHOR = {Damg{\aa}rd, Ivan B. and Pedersen, Torben P. and Pfitzmann,
	Birgit},
	TITLE = {Statistical secrecy and multibit commitments},
	JOURNAL  = tit,
	VOLUME = {44},
	YEAR = {1998},
	NUMBER = {3},
	PAGES = {1143--1151},
}

@InProceedings{ImpagliazzoRu89,
	title="Limits on the provable consequences of one-way permutations",
	author={Impagliazzo, Russell and Rudich, Steven},
	booktitle = stoc,
	pages = "44--61",
	year=1989,
}

@inproceedings{HaleviMi96,
	author    = {Shai Halevi and Silvio Micali},
	title     = {Practical and Provably-Secure Commitment Schemes from Collision-Free Hashing},
	booktitle = crypto,
	year      = {1996},
	pages     = {201-215},
}

@article{GoldwasserMiRi88,
	author    = {Shafi Goldwasser and
	Silvio Micali and
	Ronald L. Rivest},
	title     = {A Digital Signature Scheme Secure Against Adaptive Chosen-Message Attacks},
	journal   = siamjc,
	volume    = {17},
	number    = {2},
	year      = {1988},
	pages     = {281-308},
}

@inproceedings{ChaumDG87,
	author    = {David Chaum and
	Ivan Damg{\aa}rd and
	{Jeroen van de} Graaf},
	title     = {Multiparty Computations Ensuring Privacy of Each Party's
	Input and Correctness of the Result.},
	booktitle = crypto,
	series    = lncs,
	volume    = {293},
	publisher = springer,
	year      = {1987},
	pages     = {87-119},
}

@InProceedings{ImpagliazzoLeLu89,
	title       = {Pseudo-random Generation from one-way functions},
	author      = {Impagliazzo, Russell and Levin, Leonid A. and Luby, Michael},
	pages       = {12--24},
	booktitle = stoc,
	year        = 1989,
}

@InProceedings{NguyenVa06,
	author      = {Nguyen, {Minh-Huyen} and Vadhan, Salil},
	title       = {Zero Knowledge with Efficient Provers},
	booktitle = stoc,
	year        = 2006,
	pages       = {287-295},
}

@InProceedings{HaitnerHoKaKoMoSh05,
	author    = {Iftach Haitner and
	Omer Horvitz and
	Jonathan Katz and
	{Chiu-Yuen} Koo and
	Ruggero Morselli and
	Ronen Shaltiel},
	title     = {Reducing Complexity Assumptions for Statistically-Hiding
	Commitment},
	year      = {2005},
	booktitle = ec,
	pages     = {58-77},
	note =     "See also preliminary draft of full version, \url{www.wisdom.weizmann.ac.il/~iftachh/papers/SCfromRegularOWF.pdf}",
}

@Article{NisanZu96,
	title={Randomness is Linear in Space},
	author={Noam Nisan and David Zuckerman},
	pages={43--52},
	journal=jcss,
	year=1996,
	volume=52,
	number=1,
}


@article {BennettBrRo88,
	AUTHOR = {Bennett, Charles H. and Brassard, Gilles and Robert,
	Jean-Marc},
	TITLE = {Privacy amplification by public discussion},
	JOURNAL = siamjc,
	VOLUME = {17},
	YEAR = {1988},
	NUMBER = {2},
	PAGES = {210--229},
}

@Article{JerrumVaVa86,
	author    = {Mark Jerrum and
	Leslie G. Valiant and
	Vijay V. Vazirani},
	title     = {Random Generation of Combinatorial Structures from a Uniform Distribution},
	journal   = tcs,
	volume    = {43},
	year      = {1986},
	pages     = {169-188},
}

@article{BellareGoPe00,
	author    = {Mihir Bellare and
	Oded Goldreich and
	Erez Petrank},
	title     = {Uniform Generation of {NP}-Witnesses Using an {NP}-Oracle},
	journal   = {Information and Computation},
	volume    = {163},
	number    = {2},
	year      = {2000},
	pages     = {510-526},
}

@ARTICLE{BarakLiVa06,
	author =   {Boaz Barak and Yehuda Lindell and Salil Vadhan},
	title =    {Lower bounds for non-black-box zero knowledge},
	JOURNAL =  jcss,
	YEAR =     2006,
	volume =   72,
	number =   2,
	pages =   "321--391",
	note =    {Preliminary version in {\em FOCS'04}.}
}

@article {Goldreich93,
	AUTHOR = {Goldreich, Oded},
	TITLE = {A uniform-complexity treatment of encryption and zero-knowledge},
	JOURNAL  = jcrypt,
	VOLUME = {6},
	YEAR = {1993},
	NUMBER = {1},
	PAGES = {21--53},
}

@TechReport{Goldreich05,
	author =   {Oded Goldreich},
	title =    {On Promise Problems (a survey in memory of {S}himon {E}ven [1935-2004])},
	institution =  eccc,
	year =     {2005},
	month =    {February},
	number =   {TR05--018}
}

@inproceedings {Blum87,
	AUTHOR = {Blum, Manuel},
	TITLE = {How to prove a theorem so no one else can claim it},
	BOOKTITLE = {Proceedings of the International Congress of Mathematicians},
	PAGES = {1444--1451},
	YEAR = {1987},
	publisher = "American Mathematical Society",
}

@inproceedings{Barak01,
	author    = {Boaz Barak},
	title     = {How to Go Beyond the Black-Box Simulation Barrier.},
	year      = {2001},
	pages     = {106-115},
	booktitle = focs,
}

@Book{Goldreich01,
	Author         = {Oded Goldreich},
	Title          = {Foundations of Cryptography: Basic Tools},
	Publisher      = {Cambridge University Press},
	year           = 2001,
}

@book{Goldreich04,
	author={Oded Goldreich},
	title={Foundations of Cryptography -- Volume 2: Basic Applications},
	publisher={Cambridge University Press},
	year={2004}
}


@Article{ItohOhSh97,
	Author         = {Itoh, Toshiya and Ohta, Yuji and Shizuya, Hiroki},
	Title          = {A language-dependent cryptographic primitive},
	Journal        = jcrypt,
	Volume         = {10},
	Number         = {1},
	Pages          = {37--49},
	year           = 1997,
}

@ARTICLE{SahaiVa03,
	author =       {Amit Sahai and Salil Vadhan},
	title =        {A Complete Problem for Statistical Zero Knowledge},
	journal =      jacm,
	year =         {2003},
	volume =       {50},
	number =       {2},
	pages =        {196--249},
	note =         {Preliminary version in {\it FOCS'97}}
}


@article {GoldreichKr92,
	AUTHOR = {Goldreich, Oded and Krawczyk, Hugo},
	TITLE = {Sparse pseudorandom distributions},
	JOURNAL = {Random Structures \& Algorithms},
	VOLUME = {3},
	YEAR = {1992},
	NUMBER = {2},
	PAGES = {163--174},
}


@PHDTHESIS{Kannan-thesis,
	AUTHOR =       "Sampath Kannan",
	TITLE =        "Program Checkers for Algebraic Problems",
	SCHOOL =       "University of California, Berkeley",
	address =      "Berkeley, CA",
	YEAR =         "1989",
}

@InProceedings{GoldreichVaWi01,
	title       = {On Interactive Proofs with a Laconic Prover},
	author      = {Oded Goldreich and Salil Vadhan and Avi Wigderson},
	crossref    = {proc:icalp01},
	pages       = {334--345},
	year        = 2001,
}

@InProceedings{BellareGo89,
	title={New Paradigms for Digital Signatures and Message Authentication
	Based on Non-Interactive Zero Knowledge Proofs},
	author={Mihir Bellare and Shafi Goldwasser},
	pages={194--211},
	booktitle=crypto,
	year=1989,
}

@article {GoldreichPe99,
	AUTHOR = {Goldreich, Oded and Petrank, Erez},
	TITLE = {Quantifying knowledge complexity},
	JOURNAL = {Computational Complexity},
	VOLUME = {8},
	YEAR = {1999},
	NUMBER = {1},
	PAGES = {50--98},
}


@Proceedings{FOCS32,
	title={32nd Annual Symposium on Foundations of Computer Science},
	booktitle={32nd Annual Symposium on Foundations of Computer Science},
	month={1--4 } # oct,
	year=1991,
	address={San Juan, Puerto Rico},
	crossrefonly=1,
}

@InProceedings{AielloBeVe95,
	title={Knowledge on the Average---Perfect, Statistical and Logarithmic},
	author={William Aiello and Mihir Bellare and Ramarathnam Venkatesan},
	pages={469--478},
	booktitle=stoc27,
	year=1995,
}

@InProceedings{Ostrovsky91,
	title =        "One-Way Functions, Hard on Average Problems, and
	Statistical Zero-Knowledge Proofs",
	author =       "Rafail Ostrovsky",
	booktitle =   "Proceedings of the 6th Annual Structure in Complexity Theory Conference",
	pages=        {133--138},
	year =         1991,
	publisher =   ieee,
}

@InProceedings{OstrovskyWi93,
	author =       "Rafail Ostrovsky and Avi Wigderson",
	title =        "One-Way Functions are Essential for Non-Trivial Zero-Knowledge",
	booktitle =   "The Israel Symposium on Theory of Computing Systems",
	year =         "1993",
	pages =        "3--17",
}

@Article{AielloHa91,
	title={Statistical Zero-Knowledge Languages Can Be Recognized in Two Rounds},
	author={William Aiello and Johan H{\aa}stad},
	pages={327--345},
	journal=jcss,
	year=1991,
	volume=42,
	number=3,
	note = {Preliminary version in {\it FOCS'87}},
}

@Article{Goldreich90,
	title={A note on computational indistinguishability},
	author={Oded Goldreich},
	pages={277--281},
	volume=34,
	number=6,
	journal=ipl,
	year=199
}

@Article{GoldreichOsPe98,
	title={Computational Complexity and Knowledge Complexity},
	author={Oded Goldreich and Rafail Ostrovsky and Erez Petrank},
	pages={1116--1141},
	journal=sicomp,
	year=1998,
	volume=27,
	number=4,
}

@inproceedings{Okamoto96,
	author    = {Tatsuaki Okamoto},
	title     = {On Relationships between Statistical Zero-Knowledge Proofs.},
	booktitle = stoc,
	year      = {1996},
	pages     = {649-658},
}

@Article{Okamoto00,
	author =   {Tatsuaki Okamoto},
	title =    {On Relationships Between Statistical Zero-Knowledge Proofs},
	journal =  jcss,
	year =     {2000},
	volume =   {60},
	number =   {1},
	pages =    {47--108},
	note =     {Preliminary version in {\it STOC'96}},
}


@article{Fortnow89,
	author =   "Lance Fortnow",
	title =    "The Complexity of Perfect Zero-Knowledge",
	journal = "Advances in Computing Research: Randomness and Computation",
	volume = 5,
	publisher =    "JAI Press",
	year =     "1989",
	pages =    "327--343",
}

@article{GoldwasserSi89,
	author =   "Shafi Goldwasser and Michael Sipser",
	title =    "Private Coins versus Public Coins in Interactive
	Proof Systems",
	journal = "Advances in Computing Research: Randomness and Computation",
	volume = 5,
	publisher =    "JAI Press",
	year =     "1989",
	pages =    "73--90",
}

@Article{FurerGoMaSiZa89,
	author =   "Martin F{\"u}rer and Oded Goldreich and Yishay Mansour
	and Michael Sipser and Stathis Zachos",
	title =    "On Completeness and Soundness in Interactive Proof Systems",
	journal = "Advances in Computing Research",
	publisher = "JAC Press",
	year =     "1989",
	volume =   "5",
	pages =    "429--442",
	note = "Preliminary version in {\it FOCS'87}",
}

@Article{GoldreichKu93,
	author =   "Oded Goldreich and Eyal Kushilevitz3",
	title =    "A Perfect Zero-Knowledge Proof System for a Problem
	Equivalent to the Discrete Logarithm",
	journal =  jcrypt,
	year =     "1993",
	volume =   "6",
	pages =    "97--116",
}


@Article{Ullian67,
	author =   "Joseph S. Ullian",
	title =    "Partial Algorithm Problems for Context Free Languages",
	OPTcrossref =  "",
	OPTkey =   "",
	journal =  infcntrl,
	year =     "1967",
	volume =   "11",
	OPTnumber =    "",
	pages =    "80--101",
	OPTmonth =     "",
	OPTnote =      "",
	OPTannote =    ""
}


@InCollection{EvenYa80,
	author =   "S. Even and Y. Yacobi",
	title =    "Cryptocomplexity and {NP}-Completeness",
	booktitle = icalp,
	publisher = springer,
	year =     "1990",
	volume =   "85",
	pages =    "195--207",
	
}

@Article{GoldwasserMiRa89,
	author =   {Shafi Goldwasser and Silvio Micali and Charles Rackoff},
	title =    {The Knowledge Complexity of Interactive Proof Systems},
	journal =  sicomp,
	year =     {1989},
	volume =   {18},
	number =   {1},
	pages =    {186--208},
	note = {Preliminary version in {\it STOC'85}},
}


@InCollection{DamgardGoOkWi95,
	author    = "Ivan Damg{\aa}rd and Oded Goldreich and Tatsuaki Okamoto and Avi Wigderson",
	title     = "Honest Verifier vs. Dishonest Verifier in Public Coin Zero-Knowledge Proofs",
	crossref  = {proc:crypto95},
	year =     "1995",
	pages = "325-338",
}

@article{DamgardPP97,
	author    = {Ivan Damg{\aa}rd and
	Torben P. Pedersen and
	Birgit Pfitzmann},
	title     = {On the Existence of Statistically Hiding Bit Commitment
	Schemes and Fail-Stop Signatures.},
	journal   = jcrypt,
	volume    = {10},
	number    = {3},
	year      = {1997},
	pages     = {163-194},
}

@InProceedings{Damgard93,
	title={Interactive Hashing Can Simplify Zero-Knowledge Protocol Design without Computational Assumptions},
	author={Ivan B. Damg{\aa}rd},
	pages={100--109},
	crossref={proc:crypto93},
	year=1993,
}

@Article{Shannon67,
	title={Communication Theory of Secrecy Systems},
	author={Shannon, Claude},
	journal="Bell System Technical Journal",
	year="1949",
	volume = 28,
	number = 4,
	pages = "656--715",
}

@Article{GoldreichMiWi91,
	author =   "Oded Goldreich and Silvio Micali and Avi Wigderson",
	title =    "Proofs that Yield Nothing But Their Validity or All Languages in {NP} Have Zero-Knowledge Proof Systems",
	journal =  jacm,
	year =     1991,
	volume =   "38",
	number =   "1",
	pages =    "691--729",
}




@Article{LundFoKaNi92,
	title={Algebraic Methods for Interactive Proof Systems},
	author={Carsten Lund and Lance Fortnow and Howard Karloff and Noam Nisan},
	pages={859--868},
	journal=jacm,
	year=1992,
	volume=39,
	number=4,
}


@Article{Shamir92,
	title={{IP} = {PSPACE}},
	author={Adi Shamir},
	pages={869--877},
	journal=jacm,
	year=1992,
	volume=39,
	number=4,
}

@InProceedings{Cook71,
	title={The Complexity of Theorem-Proving Procedures},
	author={Cook, Stephen A.},
	pages={151--158},
	booktitle=stoc03,
}


@Article{Levin73,
	author =   "Leonid A. Levin",
	title =    " Universal'ny\u{\i}e pereborny\u{\i}ezadachi ({Universal} search problems : in {Russian})",
	journal =  "Problemy Peredachi Informatsii",
	year =     "1973",
	volume =   "9",
	number =   "3",
	pages =    "265--266",
}

@InCollection{Karp72,
	author =   "Richard M. Karp",
	title =    "Reducibility among Combinatorial Problems",
	booktitle = "Complexity of Computer Computations",
	publisher =    "Plenum Press, Inc.",
	year =     "1972",
	editor =   "J. W. Thatcher and R. E. Miller",
	pages =    "85--103",
}

@InProceedings{Babai85,
	title={Trading Group Theory for Randomness},
	author={Babai, L{\'a}szl{\'o}},
	pages={421--429},
	booktitle=stoc17,
}

@Article{BabaiMo88,
	author =   "L{\'{a}}szl{\'{o}} Babai and Shlomo Moran",
	title =    "{A}rthur-{M}erlin Games: A Randomized Proof System and a Hierarchy of Complexity Classes",
	journal =  jcss,
	year =     "1988",
	volume =   "36",
	pages =    "254--276",
}

@InProceedings{Yao82B,
	title={Theory and Applications of Trapdoor Functions},
	author={Yao, Andrew C.},
	pages={80--91},
	booktitle=focs,
	year = 1982,
}

@inproceedings{Yao82,
	author={Yao, Andrew C.},
	title="Protocols for Secure Computations",
	pages="160-164",
	booktitle=focs,
	year=1982
}




@Article{GoldwasserMi84,
	title={Probabilistic Encryption},
	author={Shafi Goldwasser and Silvio Micali},
	pages={270--299},
	journal=jcss,
	year=1984,
	volume=28,
	number=2,
}

@inproceedings{OstrovskyVeYu93,
	author    = {Rafail Ostrovsky and
	Ramarathnam Venkatesan and
	Moti Yung},
	title     = {Interactive Hashing Simplifies Zero-Knowledge Protocol Design.},
	crossref  = {proc:ec93},
	year      = {1993},
	pages     = {267-273},
}

@Article{GoldreichKr96,
	title={On the Composition of Zero-Knowledge Proof Systems},
	author={Oded Goldreich and Hugo Krawczyk},
	pages={169--192},
	journal=sicomp,
	year=1996,
	volume=25,
	number=1,
}

@InProceedings{BellarePe92,
	title={Making Zero-Knowledge Provers Efficient},
	author={Bellare, Mihir and Petrank, Erez},
	pages={711--722},
	booktitle={STOC24},
	source={http://theory.lcs.mit.edu/~dmjones/STOC/stoc.bib}
}


@Article{BoppanaHaZa87,
	author =   "Ravi B. Boppana and Johan H{\aa}stad and Stathis Zachos",
	title =    "Does co-{NP} have short interactive proofs?",
	OPTcrossref =  "",
	OPTkey =   "",
	journal =  ipl,
	year =     "1987",
	volume =   "25",
	OPTnumber =    "",
	pages =    "127--132",
	OPTmonth =     "",
	OPTnote =      "",
	OPTannote =    ""
}

@Article{BellareGo94,
	Author         = {Bellare, Mihir and Goldwasser, Shafi},
	Title          = {The complexity of decision versus search},
	Journal        = siamjc,
	Volume         = {23},
	Number         = {1},
	Pages          = {97-119},
	month          = feb,
	year           = 1994,
}


@article {Bellare02,
	AUTHOR = {Bellare, Mihir},
	TITLE = {A note on negligible functions},
	JOURNAL = jcrypt,
	VOLUME = {15},
	YEAR = {2002},
	NUMBER = {4},
	PAGES = {271--284},
}


@Misc{BellareGoSu97,
	OPTcrossref =  "",
	OPTkey =   "",
	author =   "Mihir Bellare and Oded Goldreich and Madhu Sudan",
	title =    "Personal Communication",
	OPThowpublished = "",
	year =     "1997",
	month =    "June",
	OPTnote =      "",
	OPTannote =    ""
}

@TechReport{DamgardCr96,
	author =   "Ivan Damg{\aa}rd and Ronald Cramer",
	title =    "On Monotone Function Closure of Perfect and Statistical Zero-Knowledge",
	institution = "Centrum voor Wiskunde en Informatica (CWI)",
	number = "CS-R9618",
	year =     "1996",
	note =     "\url{http://www.cwi.nl/ftp/CWIreports/AA/CS-R9618.pdf}",
}

@inproceedings{BrassardD88,
	author    = {Gilles Brassard and
	Ivan Damg{\aa}rd},
	title     = {{``Practical IP'' $\Leftarrow$ MA}},
	year      = {1988},
	pages     = {580-582},
	booktitle = crypto,
	series    = lncs,
	volume    = {403},
	publisher = springer,
}

@Misc{GoldreichGo98b,
	OPTcrossref =  "",
	OPTkey =   "",
	author =   "Oded Goldreich and Shafi Goldwasser",
	title =    "On the possibility of basing cryptography on the
	assumption that $\mathrm{P} \neq \mathrm{NP}$",
	howpublished = "Theory of Cryptography Library: Record 98-05",
	year =     "1998",
	month =    "February",
	note =     "\verb|http://theory.lcs.mit.edu/~tcryptol|",
	OPTannote =    ""
}


@InProceedings{Ben-OrGoGoHaKiMiRo88,
	title={Everything Provable is Provable in Zero-Knowledge},
	author={Michael {Ben-Or} and Oded Goldreich and Shafi Goldwasser and
	Johan H{\aa}stad and Joe Kilian and Silvio Micali and Phillip
	Rogaway},
	pages={37--56},
	booktitle = crypto,
	series    = lncs,
	volume    = {403},
	publisher = springer,
	year=1988,
}


@InProceedings{ImpagliazzoYu87,
	title={Direct Minimum-Knowledge Computations (Extended Abstract)},
	author={Russell Impagliazzo and Moti Yung},
	pages={40--51},
	booktitle = crypto,
	series    = lncs,
	volume    = {293},
	publisher = springer,
	year=1987,
}


@InProceedings{DiCrescenzoOkYu97,
	title={Keeping the {SZK}-Verifier Honest Unconditionally},
	author={Giovanni {Di C}rescenzo and Tatsuaki Okamoto and Moti Yung},
	pages={31--45},
	crossref={proc:crypto97},
	year =1997,
}


@Article{GoldreichOr94,
	title={Definitions and Properties of Zero-Knowledge Proof Systems},
	author={Oded Goldreich and Yair Oren},
	pages={1-32},
	journal=jcrypt,
	year=1994,
	volume=7,
	number=1,
}



@Article{GoldreichKa96,
	author =   {Oded Goldreich and Ariel Kahan},
	title =    {How to Construct Constant-Round Zero-Knowledge Proof Systems for {NP}},
	journal =  jcrypt,
	year =     {1996},
	volume =   {9},
	number =   {3},
	pages =    {167--190},
}

@article {HastadImLeLu99,
	AUTHOR = {H{\aa}stad, Johan and Impagliazzo, Russell and Levin, Leonid A.
	and Luby, Michael},
	TITLE = {A pseudorandom generator from any one-way function},
	JOURNAL = siamjc,
	VOLUME = {28},
	YEAR = {1999},
	NUMBER = {4},
	PAGES = {1364--1396},
}


@article{DolevDwNa00,
	author    = {Danny Dolev and
	Cynthia Dwork and
	Moni Naor},
	title     = {Nonmalleable Cryptography.},
	journal   = siamjc,
	volume    = {30},
	number    = {2},
	year      = {2000},
	pages     = {391-437},
}




@InProceedings{DolevDwNa91,
	title={Non-Malleable Cryptography},
	author={Dolev, Danny and Dwork, Cynthia and Naor, Moni},
	pages={542--552},
	booktitle=STOC23,
	source={http://theory.lcs.mit.edu/~dmjones/STOC/stoc.bib},
	note={Full version to appear in {\em SIAM J. on Computing}.}
}

@Proceedings{STOC23,
	title={Proceedings of the Twenty Third Annual ACM Symposium on Theory
	of Computing},
	booktitle=stoc,
	year=1991,
}

@InProceedings{NaorYu90,
	title={Public-key Cryptosystems Provably Secure against Chosen
	Ciphertext Attacks},
	author={Naor, Moni and Yung, Moti},
	pages={427--437},
	booktitle=STOC22,
}



@TechReport{DamgardGoWi94,
	author =   "Ivan Damg{\aa}rd and Oded Goldreich and Avi Wigderson",
	title =    "Hashing Functions Can Simplify Zero-Knowledge
	Protocol Design (Too)",
	institution =  "BRICS",
	year =     "1994",
	number =   "RS-94--39",
	month =    "November",
	note =     "See Part~1 of \cite{DamgardGoOkWi95}",
}


@Book{CoverTh91,
	author =   "Thomas M. Cover and Joy A. Thomas",
	title =    "Elements of Information Theory",
	publisher =    "John Wiley \& Sons, Inc.",
	year =     "1991",
	OPTcrossref =  "",
	OPTkey =   "",
	OPTeditor =    "",
	OPTvolume =    "",
	OPTnumber =    "",
	series =   "Wiley Series in Telecommunications",
	OPTaddress =   "",
	edition =  "first",
	OPTmonth =     "",
	OPTnote =      "",
	OPTannote =    ""
}

@InProceedings{Sipser83,
	title={A Complexity Theoretic Approach to Randomness},
	author={Sipser, Michael},
	pages={330--335},
	booktitle=stoc15,
	year =1983,
}

@Proceedings{STOC15,
	title={Proceedings of the Fifteenth Annual ACM Symposium on Theory of
	Computing},
	booktitle={Proceedings of the Fifteenth Annual ACM Symposium on Theory
	of Computing},
	month={25--27 } # apr,
	year=1983,
	address={Boston, Massachusetts},
	c-organization={ACM},
	key={ACM},
	crossrefonly=1,
	source={http://theory.lcs.mit.edu/~dmjones/STOC/stoc.bib}
}

@Article{EvenSeYa84,
	title={The Complexity of Promise Problems with Applications to
	Public-Key Cryptography},
	author={Shimon Even and Alan L. Selman and Yacov Yacobi},
	pages={159--173},
	journal=iandc,
	year=1984,
	volume=61,
	number=2,
}

@InProceedings{GoldreichMW87,
	title   = {How to Play any Mental Game or A Completeness Theorem for Protocols with Honest Majority},
	author  = {Goldreich, Oded and Micali, Silvio and Wigderson, Avi},
	pages   = {218--229},
	booktitle = stoc,
	year    = 1987,
}

@TechReport{GoldreichVa98,
	author =   {Oded Goldreich and Salil Vadhan},
	title =    {Comparing Entropies in Statistical Zero-Knowledge with Applications to the Structure of {SZK}},
	institution =  eccc,
	year =     {1998},
	number =   {TR98-063}
}

@inproceedings{GoldreichVa99,
	author    = {Oded Goldreich and
	Salil P. Vadhan},
	title     = {Comparing Entropies in Statistical Zero Knowledge with Applications
	to the Structure of {SZK}},
	booktitle = {IEEE Conference on Computational Complexity},
	year      = {1999},
	pages =    {54--73},
	publisher = ieee,
}

@inproceedings{GoldreichSu98,
	author    = {Oded Goldreich and
	Madhu Sudan},
	title     = {Computational Indistinguishability: A Sample Hierarchy.},
	booktitle = {IEEE Conference on Computational Complexity},
	year      = {1998},
	pages     = {24-33},
	publisher = ieee,
}

@Article{FeigeFiSh88,
	title={Zero-Knowledge Proofs of Identity},
	author={Uriel Feige and Amos Fiat and Adi Shamir},
	pages={77-94},
	journal=jcrypt,
	year=1988,
	volume=1,
	number=2,
	source={http://theory.lcs.mit.edu/~dmjones/hbp/jcrypt/jcrypt.bib}
}

@InProceedings{GoldreichSaVa98,
	author    = {Oded Goldreich and Amit Sahai and Salil Vadhan},
	title     = {Honest Verifier Statistical Zero-Knowledge Equals General Statistical Zero-Knowledge},
	booktitle = stoc,
	pages     = "399--408",
	year      = 1998,
}


@InProceedings{GoldreichGo98,
	author =   {Oded Goldreich and Shafi Goldwasser},
	title =    {On the Limits of Non-Approximability of Lattice Problems},
	booktitle = stoc,
	pages =    {1--9},
	year = 1998,
}

@Proceedings{STOC30,
	title={Proceedings of the Thirtieth Annual ACM Symposium on Theory of
	Computing},
	booktitle={Proceedings of the Thirtieth Annual ACM Symposium on
	Theory of Computing},
	month={23--26 } # may,
	year=1998,
	address={Dallas},
	c-organization={ACM},
	key={ACM},
	crossrefonly=1
}


@article {GoldreichGo00,
	AUTHOR = {Goldreich, Oded and Goldwasser, Shafi},
	TITLE = {On the limits of nonapproximability of lattice problems},
	NOTE = {30th Annual ACM Symposium on Theory of Computing (Dallas, TX,
	1998)},
	JOURNAL = jcss,
	VOLUME = {60},
	YEAR = {2000},
	NUMBER = {3},
	PAGES = {540--563},
	ISSN = {0022-0000},
	CODEN = {JCSSBM},
	MRCLASS = {65Y20 (68Qxx)},
	MRNUMBER = {1 770 196},
}


@InProceedings{KlivansMe99,
	author =   {Adam R. Klivans and Dieter van Melkebeek},
	title =    {Graph Nonisomorphism has Subexponential Size Proofs unless the Polynomial-time Hierarchy Collapses},
	booktitle = stoc,
	pages =    {659--667},
	year =     1999,
}

@InProceedings{SahaiVa97,
	title={A Complete Promise Problem for Statistical Zero-Knowledge},
	author={Amit Sahai and Salil P. Vadhan},
	pages={448--457},
	booktitle = focs,
	year=1997,
}

@inproceedings{ReingoldTV04,
	author    = {Omer Reingold and
	Luca Trevisan and
	Salil P. Vadhan},
	title     = {Notions of Reducibility between Cryptographic Primitives.},
	booktitle = tcc,
	pages     = {1-20},
	year      = {2004},
}

@InProceedings{PetrankTa96,
	title={On the Knowledge Complexity of {NP}},
	author={Erez Petrank and G{\'a}bor Tardos},
	pages={494--503},
	booktitle = focs,
	year = 1996,
}

@article{PetrankTa02,
	author    = {Erez Petrank and
	G{\'a}bor Tardos},
	title     = {On the Knowledge Complexity of {NP}},
	journal   = {Combinatorica},
	volume    = {22},
	number    = {1},
	year      = {2002},
	pages     = {83-121},
	note      = {Preliminary version in {\it FOCS'96}},
}

@InProceedings{SahaiVa99,
	author =   {Amit Sahai and Salil Vadhan},
	title =    {Manipulating Statistical Difference},
	booktitle = {Randomization Methods in Algorithm Design ({DIMACS} Workshop, December 1997)},
	OPTcrossref =  {},
	OPTkey =   {},
	editor =   {Panos Pardalos and Sanguthevar Rajasekaran and Jos{\'e} Rolim},
	volume =   {43},
	OPTnumber =    {},
	series =   {{DIMACS} Series in Discrete Mathematics and Theoretical Computer Science},
	year =     {1999},
	OPTorganization = {},
	publisher =    {American Mathematical Society},
	address =  {},
	OPTmonth =     {},
	pages =    {251--270},
	note =     {},
	OPTannote =    {}
}


@InProceedings{GoldreichSaVa99,
	title={Can Statistical Zero-Knowledge be Made Non-Interactive?, or {O}n the Relationship of {SZK} and {NISZK}},
	author={Oded Goldreich and Amit Sahai and Salil Vadhan},
	pages={467--484},
	crossref={proc:crypto99},
	year=1999,
}

@InProceedings{Yao86,
	title={How to Generate and Exchange Secrets},
	author={Yao, Andrew {Chi-Chih}},
	pages={162--167},
	booktitle = focs,
	year=1986,
}

@inproceedings{Pedersen91,
	author    = {Torben P. Pedersen},
	title     = {Non-Interactive and Information-Theoretic Secure Verifiable
	Secret Sharing},
	year      = {1991},
	pages     = {129-140},
		booktitle = crypto,
}

@Book{Sipser:book,
	author    = {Michael Sipser},
	title     = {Introduction to the Theory of Computation},
	publisher = {Thomson Course Technology},
	address   = {Boston, MA, USA},
	year      = 2005,
	edition   = {Second},
}

@Book{Sipser:book-first,
	author    = {Michael Sipser},
	title     = {Introduction to the Theory of Computation},
	publisher = {PWS Publishing},
	year      = {1997},
	edition   = 1,
}


@Book{Papadimitriou94,
	author =   {Christos H. Papadimitriou},
	title =    {Computational Complexity},
	publisher =    {Addison--Wesley},
	year =     {1994},
}

@InProceedings{AjtaiBe84,
	title={A Theorem on Probabilistic Constant Depth Computations},
	author={Ajtai, Mikl{\'o}s and {Ben-O}r, Michael},
	pages={471--474},
	booktitle={STOC16},
	source={http://theory.lcs.mit.edu/~dmjones/STOC/stoc.bib}
}

@Proceedings{STOC16,
	title={Proceedings of the Sixteenth Annual ACM Symposium on Theory of
	Computing},
	booktitle={Proceedings of the Sixteenth Annual ACM Symposium on Theory
	of Computing},
	mont={30 } # apr # {--2 } # may,
	year=1984,
	address={Washington, D.C.},
	c-organization={ACM},
	key={ACM},
	crossrefonly=1,
	source={http://theory.lcs.mit.edu/~dmjones/STOC/stoc.bib}
}

@TechReport{GoldreichNiWi95,
	author =   {Oded Goldreich and Noam Nisan and Avi Wigderson},
	title =    {On {Y}ao's {XOR} lemma},
	institution =  {Electronic Colloquium on Computational Complexity},
	year =     {1995},
	OPTkey =   {},
	OPTtype =      {},
	number =   {TR95--050},
}


@InProceedings{DeSantisDiPeYu94,
	title={On Monotone Formula Closure of {SZK}},
	author={Alfredo {De S}antis and Giovanni {Di C}rescenzo and Giuseppe
	Persiano and Moti Yung},
	pages={454--465},
	booktitle = focs,
	year = 1994,
}

@inproceedings{DeSantisCPY98,
	author    = {Alfredo {De S}antis and
	Giovanni {Di C}rescenzo and
	Giuseppe Persiano and
	Moti Yung},
	title     = {Image {Density} is Complete for Non-Interactive-{SZK}.},
	booktitle = icalp,
	year      = {1998},
	pages     = {784-795},
	publisher = {Springer},
	series    = {Lecture Notes in Computer Science},
	volume    = {1443},
}

@Article{Chernoff52,
	author =   {Hermann Chernoff},
	title =    {A Measure of the Asymptotic Efficiency for Tests of a Hypothesis Based on the Sum of Observations},
	journal =  {Annals of Mathematical Statistics},
	year =     {1952},
	OPTkey =   {},
	volume =   {23},
	OPTnumber =    {},
	pages =    {493--509},
	OPTmonth =     {},
	OPTnote =      {},
	OPTannote =    {}
}


@Article{Hoeffding63,
	author =   {Wassily Hoeffding},
	title =    {Probability Inequalities for Sums of Bounded Random Variables},
	journal =      {Journal of the American Statistical Association},
	year =     {1963},
	OPTkey =   {},
	volume =   {58},
	OPTnumber =    {},
	pages =    {13--30},
	OPTmonth =     {},
	OPTnote =      {},
	OPTannote =    {}
}



@Book{Hofri95,
	author =   {Micha Hofri},
	ALTeditor =    {},
	title =    {Analysis of Algorithms: Computational Methods \& Mathematical Tools},
	publisher =    {Oxford University Press},
	year =     {1995},
	OPTkey =   {},
	OPTvolume =    {},
	OPTnumber =    {},
	OPTseries =    {},
	OPTaddress =   {},
	OPTedition =   {},
	OPTmonth =     {},
	OPTnote =      {},
	OPTannote =    {}
}

@Article{CarterWe79,
	title={Universal Classes of Hash Functions},
	author={J. Lawrence Carter and Mark N. Wegman},
	pages={143--154},
	journal=jcss,
	year=1979,
	month=apr,
	volume=18,
	number=2,
	preliminary={STOC::CarterW1977},
	source={http://theory.lcs.mit.edu/~dmjones/hbp/jcss/jcss.bib}
}

@Article{CarterWe81,
	author={J. Lawrence Carter and Mark N. Wegman},
	title =        "New Hash Functions and Their Use in Authentication and
	Set Equality",
	journal=jcss,
	year =         "1981",
}

@Article{FurstSaSi84,
	title={Parity, Circuits, and the Polynomial-Time Hierarchy},
	author={Merrick Furst and James B. Saxe and Michael Sipser},
	pages={13--27},
	journal=mst,
	month=apr,
	year=1984,
	volume=17,
	number=1,
	preliminary={FOCS::FurstSS1981:260},
	source={http://theory.lcs.mit.edu/~dmjones/hbp/mst/mst.bib}
}

@Article{LadnerLySe75,
	title={A Comparison of Polynomial Time Reducibilities},
	author={Richard E. Ladner and Nancy A. Lynch and Alan L. Selman},
	pages={103--123},
	journal=tcs,
	year=1975,
	month=dec,
	volume=1,
	number=2,
	source={http://theory.lcs.mit.edu/~dmjones/hbp/tcs/tcs.bib}
}


@InProceedings{ImpagliazzoLu89,
	title={One-way Functions are Essential for Complexity Based Cryptography},
	author={Impagliazzo, Russell and Luby, Michael},
	pages={230--235},
	booktitle=focs,
	year=1989,
}


@InProceedings{GoldreichGoHa97,
	title={Public-Key Cryptosystems from Lattice Reduction Problems},
	author={Oded Goldreich and Shafi Goldwasser and Shai Halevi},
	pages={112--131},
	booktitle  = crypto97,
	note={See also ECCC TR96-056}
}

@InProceedings{AjtaiDw97,
	title={A Public-Key Cryptosystem with Worst-Case/Average-Case
	Equivalence},
	author={Mikl{\'o}s Ajtai and Cynthia Dwork},
	pages={284--293},
	booktitle  = stoc,
	year =     {1997},
}

@Article{DiffieHe76,
	author =   {Whitfield Diffie and Martin E. Hellman},
	title =    {New Directions in Cryptography},
	journal =  tit,
	year =     {1976},
	volume =   {22},
	number =   {6},
	pages =    {644--654},
}


@InProceedings{ElGamal84,
	title={A Public Key Cryptosystem and a Signature Scheme Based on Discrete Logarithms},
	author={Taher ElGamal},
	pages={10--18},
	booktitle=crypto,
	year=1984,
}

@Article{GoldreichGoMi86,
	title={How to Construct Random Functions},
	author={Oded Goldreich and Shafi Goldwasser and Silvio Micali},
	area={Theory of Computation},
	pages={792--807},
	journal=jacm,
	year=1986,
	volume=33,
	number=4,
}

@Article{Naor1991,
	title    = {Bit Commitment Using Pseudorandomness},
	author   = {Moni Naor},
	pages    = {151--158},
	journal  = jcrypt,
	year     = 1991,
	volume   = 4,
	number   = 2,
}

@InProceedings{Rompel90,
	title    = {One-Way Functions are Necessary and Sufficient for Secure Signatures},
	author   = {Rompel, John},
	pages    = {387--394},
	booktitle= stoc,
	year     = 1990,
}

@Article{KilianPe98,
	title    = {An Efficient Noninteractive Zero-Knowledge Proof System for~{NP} with General Assumptions},
	author   = {Joe Kilian and Erez Petrank},
	pages    = {1--27},
	journal  = jcrypt,
	year     = 1998,
	volume   = 11,
	number   = 1,
}

@InProceedings{Kilian92,
	title    = {A Note on Efficient Zero-Knowledge Proofs and Arguments (Extended Abstract)},
	author   = {Kilian, Joe},
	pages    = {723--732},
	booktitle=stoc,
	year     = 1992
}

@InProceedings{BoyarPe89,
	title   = {On the Concrete Complexity of Zero-Knowledge Proofs},
	author  = {Joan Boyar and Ren{\'e} Peralta},
	pages   = {507--525},
	booktitle=crypto,
	year    = 1989,
}


@InProceedings{Damgard92,
	title={Non-Interactive Circuit Based Proofs and Non-Interactive
	Perfect Zero-Knowledge with Preprocessing},
	author={Ivan Damg{\aa}rd},
	pages={341--355},
	crossref=proc:ec92,
	year=1992,
}

@InProceedings{Kilian94,
	title={On the complexity of Bounded-Interaction and Noninteractive
	Zero-Knowledge Proofs},
	author={Joe Kilian},
	pages={466--477},
	booktitle=focs35,
}

@Proceedings{FOCS35,
	title={35th Annual Symposium on Foundations of Computer Science},
	booktitle={35th Annual Symposium on Foundations of Computer
	Science},
	month={20--22 } # nov,
	year=1994,
	address={Santa Fe, New Mexico},
	organization={IEEE},
	crossrefonly=1,
	source={http://theory.lcs.mit.edu/~dmjones/FOCS/focs.bib}
}

@InProceedings{KilianMiOs89,
	title={Minimum Resource Zero-Knowledge Proofs (Extended Abstract)},
	author={Kilian, Joe and Micali, Silvio and Ostrovsky, Rafail},
	pages={474--479},
	preliminary={crypto::KilianMO1989},
	booktitle=focs30,
}

@Proceedings{FOCS30,
	booktitle={Proceedings of the 30th Annual Symposium on Foundations of Computer Science},
	year=1989,
}

@Article{FeigeLaSh99,
	author =   {Uriel Feige and Dror Lapidot and Adi Shamir},
	title =    {Multiple Non-Interactive Zero Knowledge Proofs Under General Assumptions},
	journal =      sicomp,
	year =     {1999},
	note =     {Preliminary version in {\it FOCS'90}},
}


@InProceedings{FeigeSh89,
	title={Zero Knowledge Proofs of Knowledge in Two Rounds},
	author={Uriel Feige and Adi Shamir},
	pages={526--545},
	booktitle=crypto,
	source={http://theory.lcs.mit.edu/~dmjones/hbp/crypto/crypto.bib}
}


@InProceedings{Oren87,
	title={On the Cunning Power of Cheating Verifiers: Some Observations
	about Zero Knowledge Proofs (Extended Abstract)},
	author={Oren, Yair},
	pages={462--471},
	booktitle=focs28,
	year=1987,
}


@InProceedings{FeigeSh90,
	title={Witness Indistinguishable and Witness Hiding Protocols},
	author={Feige, Uriel and Shamir, Adi},
	pages={416--426},
	booktitle = stoc22,
	publisher = acm,
	year=1990,
}


@InProceedings{TompaWo87,
	title={Random Self-Reducibility and Zero Knowledge Interactive Proofs
	of Possession of Information},
	author={Tompa, Martin and Woll, Heather},
	pages={472--482},
	booktitle = focs,
	source={http://theory.lcs.mit.edu/~dmjones/FOCS/focs.bib},
	year=1987,
}

@InProceedings{BellareMiOs90-iso,
	author={Bellare, Mihir and Micali, Silvio and Ostrovsky, Rafail},
	title={Perfect zero-knowledge in constant rounds},
	pages={482--493},
	booktitle = stoc22,
	publisher = acm,
	year=1990,
}

@InProceedings{BellareMiOs90-szk,
	author={Bellare, Mihir and Micali, Silvio and Ostrovsky, Rafail},
	title={The (True) Complexity of Statistical Zero Knowledge},
	pages={494--502},
	booktitle = stoc22,
	publisher = acm,
	year=1990,
}

@Article{BrassardChCr88,
	title={Minimum Disclosure Proofs of Knowledge},
	author={Gilles Brassard and David Chaum and Claude Cr{\'e}peau},
	pages={156--189},
	journal=jcss,
	year=1988,
	volume=37,
	number=2,
}

@Article{BlumDeMiPe91,
	title={Noninteractive Zero-Knowledge},
	author={Manuel Blum and Alfredo {De S}antis and Silvio Micali and
	Giuseppe Persiano},
	pages={1084--1118},
	journal=sicomp,
	year=1991,
	volume=20,
	number=6,
}

@InProceedings{DeSantisMiPe87,
	title={Non-Interactive Zero-Knowledge Proof Systems},
	author={Alfredo {De S}antis and Silvio Micali and Giuseppe Persiano},
	pages={52--72},
	booktitle=crypto,
	year=1987,
}

@InProceedings{DeSantisMiPe88,
	title={Non-Interactive Zero-Knowledge with Preprocessing},
	author={Alfredo {De S}antis and Silvio Micali and Giuseppe Persiano},
	pages={269--282},
	booktitle={crypto88},
	year=1988,
}

@Unpublished{BellareRo90,
	author =   {Mihir Bellare and Phillip Rogaway},
	title =    {Non-Interactive Perfect Zero-Knowledge},
	note =     {Unpublished manuscript},
	year =     {1990},
}

@Article{DeSantisDiPe94,
	title={The knowledge complexity of quadratic residuosity languages},
	author={Alfredo {De S}antis and Giovanni {Di C}rescenzo and Guiseppe
	Persiano},
	journal=tcs,
	pages={291--317},
	year=1994,
	volume=132,
	number={1--2},
}

@InProceedings{DeSantisDiPe97,
	title       ={Randomness-Efficient Non-Interactive Zero-Knowledge (Extended Abstract)},
	author      = {Alfredo {De S}antis and
	Giovanni {Di C}rescenzo and
	Giuseppe Persiano},
	booktitle = icalp,
	pages       = {716--726},
	year        = 1997,
}

@InProceedings{DeSantisDiPeYu98,
	author =   "{De S}antis, Alfredo and {Di C}rescenzo, Giovanni and
	Giuseppe Persiano and Moti Yung",
	title =    "{I}mage {D}ensity is Complete for Non-interactive-{SZK}",
	booktitle =icalp,
	pages =    "784--795",
	year =     1998,
	note =     "See also preliminary draft of full version, May 1999",
}


@InProceedings{BlumFeMi88,
	title={Non-Interactive Zero-Knowledge and Its Applications (Extended
	Abstract)},
	author={Blum, Manuel and Feldman, Paul and Micali, Silvio},
	pages={103--112},
	booktitle=stoc20,
	year = 1988,
}


@InProceedings{DeSantisYu90,
	title={Cryptographic Applications of the Non-Interactive Metaproof and
	Many-prover Systems},
	author={Alfredo {De S}antis and Moti Yung},
	pages={366--377},
	booktitle=crypto90,
	year=1990,
}


@InProceedings{Brassard79,
	title={Relativized Cryptography},
	author={Brassard, Gilles},
	pages={383--391},
	booktitle=focs20,
	year=1979,
}


@Article{Schoening88,
	title={Graph Isomorphism Is in the Low Hierarchy},
	author={Uwe Sch{\"o}ning},
	pages={312--323},
	journal=jcss,
	year=1988,
	month=dec,
	volume=37,
	number=3,
}


@Misc{Goldreich99,
	author =   {Oded Goldreich},
	title =    {Some Useful Trivial Tricks},
	howpublished = {\verb|http://www.wisdom.weizmann.ac.il/~oded/tricks.html|},
	month =    {September},
	year =     {1999},
}

@InProceedings{Spira71,
	author =   {Philip M. Spira},
	title =    {On time-hardware complexity tradeoffs for {B}oolean functions},
	booktitle = {Proceedings of the 4th Hawaii Conference on Systems Sciences},
	pages =    {525--527},
	year =     {1971},
}


@article {Rabin80,
	AUTHOR = {Rabin, Michael O.},
	TITLE = {Probabilistic algorithm for testing primality},
	JOURNAL = {Journal of Number Theory},
	VOLUME = {12},
	YEAR = {1980},
	NUMBER = {1},
	PAGES = {128--138},
}


@article {Miller76,
	AUTHOR = {Miller, Gary L.},
	TITLE = {Riemann's hypothesis and tests for primality},
	JOURNAL = jcss,
	VOLUME = {13},
	YEAR = {1976},
	NUMBER = {3},
	PAGES = {300--317},
}

@article {SolovaySt77,
	AUTHOR = {Solovay, R. and Strassen, V.},
	TITLE = {A fast {M}onte-{C}arlo test for primality},
	JOURNAL = siamjc,
	VOLUME = {6},
	YEAR = {1977},
	NUMBER = {1},
	PAGES = {84--85},
}

@incollection {GutfreundBe00,
	AUTHOR = {Danny Gutfreund and Michael {Ben-Or}},
	TITLE = {Increasing the Power of the Dealer in Non-interactive Zero-Knowledge Proof Systems},
	BOOKTITLE = asiacrypt00,
	YEAR = {2000},
}

@PhdThesis{Ong-thesis,
	author =   {Shien Jin Ong},
	title =    {Unconditional Relationships within Zero Knowledge},
	school =   {Harvard University},
	address =  {Cambridge, MA, USA},
	month   =  may,
	year =     {2007},
}

@PhdThesis{Nguyen-thesis,
	author =   {Nguyen, Minh-Huyen},
	title =    {Zero knowledge and efficient provers},
	school =   {Harvard University},
	address =  {Cambridge, MA, USA},
	year =     {2006},
}

@PhdThesis{Barak-thesis,
	author =   {Boaz Barak},
	title =    {Non-Black-Box Techniques in Cryptography},
	school =   {Weizmann Institute of Science},
	address =  {Rehovot, Israel},
	year =     {2004},
}

@PhdThesis{Vadhan-thesis,
	author =   {Salil P. Vadhan},
	title =    {A Study of Statistical Zero-Knowledge Proofs},
	school =   {Massachusetts Institute of Technology},
	address =  {Cambridge, MA, USA},
	year =     {1999},
}

@PhdThesis{Sahai-thesis,
	author =   {Amit Sahai},
	title =    {Frontiers in Zero Knowledge},
	school =   {Massachusetts Institute of Technology},
	address =  {Cambridge, MA, USA},
	year =     {2000},
}

@InProceedings{Vadhan00,
	author    = {Salil P. Vadhan},
	title     = {On Transformations of Interactive Proofs that Preserve the Prover's Complexity},
	booktitle = stoc,
	pages     = "200--207",
	year      = 2000,
}

@InProceedings{DiCrescenzoSaYu00,
	author =   {Giovanni {Di~C}rescenzo  and Kouichi Sakurai and Moti Yung},
	title =    {On Zero-Knowledge Proofs: ``From Membership to Decision''},
	booktitle = stoc,
	pages =    "255--264",
	year =     "2000",
}

@article{NaorOsVeYu98,
	author    = {Moni Naor and
	Rafail Ostrovsky and
	Ramarathnam Venkatesan and
	Moti Yung},
	title     = {Perfect Zero-Knowledge Arguments for {NP} Using Any One-Way Permutation},
	journal   = jcrypt,
	volume    = {11},
	number    = {2},
	year      = {1998},
	pages     = {87-108},
	note      = {Preliminary version in {\it CRYPTO'92}.},
}


@InProceedings{DHRS,
	author =   {Y.Z. Ding and D. Harnik and A. Rosen and R. Shaltiel},
	title =    {Constant-Round Oblivious Transfer in the Bounded Storage Model},
	series    = lncs,
	volume    = {2951},
	publisher = springer,
	pages =   "446--472",
	year =     "2004",
}

@InProceedings{MiltersenVi,
	author =   {P. B. Miltersen and N. V. Vinodchandran},
	title =    {Derandomizing Arthur-Merlin Games Using Hitting Sets},
	booktitle = focs,
	pages =    "71--80",
	year =     "1999",
}

@article{GGL,
	author    = {Oded Goldreich and Shafi Goldwasser and Nathan Linial},
	title     = {Fault-Tolerant Computation in the Full Information Model.},
	journal   = siamjc,
	volume    = {27},
	number    = {2},
	year      = {1998},
	pages     = {506-544},
}

@article{BHZ87,
	author    = {Ravi B. Boppana and
	Johan H{\aa}stad and
	Stathis Zachos},
	title     = {Does co-{NP} Have Short Interactive Proofs?},
	journal   = ipl,
	volume    = {25},
	number    = {2},
	year      = {1987},
	pages     = {127-132},
	bibsource = {DBLP, http://dblp.uni-trier.de}
}

@techreport{NOV06-eccc,
	title       = {Statistical Zero-Knowledge Arguments for {NP} from Any One-Way Function},
	author      = {{Minh-Huyen} Nguyen and Shien Jin Ong and Salil Vadhan},
	institution = eccc,
	number      = "TR06-075",
	year        = 2006,
}

@inproceedings{ImpagliazzoLe90,
	author    = {Russell Impagliazzo and
	Leonid A. Levin},
	title     = {No Better Ways to Generate Hard {NP} Instances than Picking
	Uniformly at Random},
	booktitle = focs,
	year      = {1990},
	pages     = {812-821},
}

@inproceedings{BarakGo02,
	author    = {Boaz Barak and
	Oded Goldreich},
	title     = {Universal Arguments and their Applications.},
	crossref  = {proc:coco17},
	year      = {2002},
	pages     = {194-203},
}

@article{Micali00,
	author    = {Silvio Micali},
	title     = {Computationally Sound Proofs.},
	journal   = sicomp,
	volume    = {30},
	number    = {4},
	year      = {2000},
	pages     = {1253-1298},
}

@book{CoverTh:InfoTheory,
	author    = {Cover, Thomas  M.  and
	Thomas, Joy  A. },
	title     = {Elements of information theory},
	publisher = {Wiley-Interscience},
	address   = {New York, NY, USA},
	year      = {2006},
	edition   = {second},
}

@inproceedings{CachinCM:OT,
	author    = {Christian Cachin and
	Claude Cr{\'e}peau and
	Julien Marcil},
	title     = {Oblivious Transfer with a Memory-Bounded Receiver},
	booktitle = focs,
	year      = {1998},
	pages     = {493-502},
}

@inproceedings{DingHRS04,
	author    = {Yan Zong Ding and
	Danny Harnik and
	Alon Rosen and
	Ronen Shaltiel},
	title     = {Constant-Round Oblivious Transfer in the Bounded Storage Model},
	booktitle = tcc,
	year      = {2004},
	pages     = {446-472},
}

@inproceedings{CrepeauS06,
	author    = {Claude Cr{\'e}peau and
	George Savvides},
	title     = {Optimal Reductions Between Oblivious Transfers Using Interactive Hashing},
	booktitle = ec,
	year      = {2006},
	pages     = {201-221},
}

@inproceedings{BellareP92,
	author    = {Mihir Bellare and
	Erez Petrank},
	title     = {Making Zero-Knowledge Provers Efficient},
	booktitle = stoc,
	year      = {1992},
	pages     = {711-722},
}

@inproceedings{KMS07,
	author     =  {Bruce Kapron and
	Lior Malka and
	Venkatesh Srinivasan},
	title     =  {A Characterization of Non-interactive Instance-Dependent Commitment-Schemes ({NIC})},
	booktitle =  icalp,
	year      =  2007,
}

@article{Maurer92,
	author    = {Ueli M. Maurer},
	title     = {Conditionally-Perfect Secrecy and a Provably-Secure Randomized
	Cipher.},
	journal   = jcrypt,
	volume    = {5},
	number    = {1},
	year      = {1992},
	pages     = {53-66},
}

@inproceedings{CachinM97,
	author    = {Christian Cachin and
	Ueli M. Maurer},
	title     = {Unconditional Security Against Memory-Bounded Adversaries.},
	booktitle = {Advances in Cryptology - CRYPTO '97},
	publisher = {Springer},
	series    = {Lecture Notes in Computer Science},
	volume    = {1294},
	year      = {1997},
	pages     = {292-306},
}

@inproceedings{Damgard89,
	author    = {Ivan Damg{\aa}rd},
	title     = {On the Existence of Bit Commitment Schemes and Zero-Knowledge
	Proofs.},
	booktitle = {Advances in Cryptology - CRYPTO '89},
	year      = {1989},
	pages     = {17-27},
	publisher = {Springer},
	series    = {Lecture Notes in Computer Science},
	volume    = {435},
}

@inproceedings{PassSh05,
	author    = {Rafael Pass and
	Abhi Shelat},
	title     = {Unconditional Characterizations of Non-interactive Zero-Knowledge.},
	booktitle = {Advances in Cryptology - CRYPTO 2005},
	year      = {2005},
	pages     = {118-134},
	publisher = {Springer},
	series    = {Lecture Notes in Computer Science},
	volume    = {3621},
}

@article{Levin86,
	author    = {Leonid A. Levin},
	title     = {Average Case Complete Problems.},
	journal   = sicomp,
	volume    = {15},
	number    = {1},
	year      = {1986},
	pages     = {285-286},
}

@unpublished{Vadhan:PCMI,
	author    = {Salil P. Vadhan},
	title     = {Interactive Proofs \& Zero-Knowledge Proofs},
	year      = {2000},
	note      = {\url{http://www.eecs.harvard.edu/~salil/papers/pcmi-abs.html}},
}

@article{PedersenP97,
	author    = {Torben P. Pedersen and
	Birgit Pfitzmann},
	title     = {Fail-Stop Signatures.},
	journal   = sicomp,
	volume    = {26},
	number    = {2},
	year      = {1997},
	pages     = {291-330},
}

@inproceedings{DingR02,
	author    = {Yan Zong Ding and
	Michael O. Rabin},
	title     = {Hyper-Encryption and Everlasting Security.},
	booktitle = {Proceedings of the 19th Annual Symposium on Theoretical Aspects
	of Computer Science (STACS 2002)},
	year      = {2002},
	pages     = {1-26},
	publisher = {Springer},
	series    = {Lecture Notes in Computer Science},
	volume    = {2285},
}

@inproceedings{Impagliazzo95,
	author    = {Russell Impagliazzo},
	title     = {A Personal View of Average-Case Complexity.},
	booktitle = {Proceedings of the Tenth Annual Structure in Complexity Theory Conference},
	year      = {1995},
	pages     = {134-147},
	publisher = {IEEE Computer Society},
}

@article{BarakL04,
	author    = {Boaz Barak and
	Yehuda Lindell},
	title     = {Strict Polynomial-Time in Simulation and Extraction.},
	journal   = sicomp,
	volume    = {33},
	number    = {4},
	year      = {2004},
	pages     = {738-818},
	note      = {Preliminary version in {\it STOC'02}.},
}

@unpublished{Gol:zk-survey,
	author  = "Oded Goldreich",
	title   = "Zero-Knowledge twenty years after its invention",
	month   = "March",
	year    = 2004,
	note    = {\url{http://www.wisdom.weizmann.ac.il/~oded/zk-tut02.html}},
}

@inproceedings{DinurSa02,
	author    = {Irit Dinur and
	Shmuel Safra},
	title     = {The importance of being biased},
	booktitle = stoc,
	year      = {2002},
	pages     = {33-42},
}

@article{FortnowRS94,
	author    = {Lance Fortnow and
	John Rompel and
	Michael Sipser},
	title     = {On the Power of Multi-Prover Interactive Protocols.},
	journal   = tcs,
	volume    = {134},
	number    = {2},
	year      = {1994},
	pages     = {545-557},
}

@inproceedings{BGKW88,
	author    = {Michael Ben-Or and
	Shafi Goldwasser and
	Joe Kilian and
	Avi Wigderson},
	title     = {Multi-prover interactive proofs: how to remove intractability
	assumptions},
	year      = {1988},
	pages     = {113-131},
	booktitle = stoc,
}

@article{FeigeGLSS96,
	author    = {Uriel Feige and
	Shafi Goldwasser and
	L{\'a}szl{\'o} Lov{\'a}sz and
	Shmuel Safra and
	Mario Szegedy},
	title     = {Interactive Proofs and the Hardness of Approximating Cliques.},
	journal   = jacm,
	volume    = {43},
	number    = {2},
	year      = {1996},
	pages     = {268-292},
	note      = {Preliminary version in {\it FOCS'91}.},
}

@article{AroraLMSS98,
	author    = {Sanjeev Arora and
	Carsten Lund and
	Rajeev Motwani and
	Madhu Sudan and
	Mario Szegedy},
	title     = {Proof Verification and the Hardness of Approximation Problems.},
	journal   = jacm,
	volume    = {45},
	number    = {3},
	year      = {1998},
	pages     = {501-555},
	note      = {Preliminary version in {\it FOCS'92}.},
}

@article{AroraS98,
	author    = {Sanjeev Arora and
	Shmuel Safra},
	title     = {Probabilistic checking of proofs: a new characterization
	of {NP}},
	journal   = jacm,
	volume    = {45},
	number    = {1},
	year      = {1998},
	pages     = {70-122},
	note      = {Preliminary version in {\it FOCS'92}.},
}

@inproceedings{BellareR97,
	author    = {Mihir Bellare and
	Phillip Rogaway},
	title     = {Collision-resistant hashing: towards making {UOWHFs} practical},
	booktitle = crypto97,
	year      = {1997},
	pages     = {470-484},
	publisher = {Springer},
	series    = {Lecture Notes in Computer Science},
	volume    = {1294},
}


@Article{Lindell03,
	author =   {Yehuda Lindell},
	title =    {Parallel Coin-Tossing and Constant-Round Secure Two-Party
	Computation},
	journal =      jcrypt,
	year =     {2003},
	volume = {16},
	number = {3},
	pages = "143--184",
}


@Article{Lindell06,
	title =   "A Simpler Construction of {CCA2}-Secure
	Public-Key Encryption under General Assumptions",
	author =  "Yehuda Lindell",
	journal = "J. Cryptology",
	year =    "2006",
	number =  "3",
	volume =  "19",
	bibdate = "2007-02-09",
	pages =   "359--377",
}


@InProceedings{Sahai99,
	title =   "Non-Malleable Non-Interactive Zero Knowledge and
	Adaptive Chosen-Ciphertext Security",
	author =  "Amit Sahai",
	year =    "1999",
	booktitle =   focs,
	pages =   "543--553",
	URL =     "http://computer.org/proceedings/focs/0409/04090543abs.htm",
}

@article{EvenGL85,
	author={Shimon Even and Oded Goldreich and Abraham Lempel},
	title={A Randomized Protocol for Signing Contracts.},
	journal={Communications of the ACM},
	volume={28},
	year={1985},
	pages={637-647},
	number={6}
}




@inproceedings{Kilian88,
	author={Joe Kilian},
	title={Founding Cryptography on Oblivious Transfer},
	booktitle = stoc20,
	year={1988},
	pages={20-31}
}

@InProceedings{IshaiEtAl06,
	author =  "Yuval Ishai and Eyal Kushilevitz and Yehuda Lindell and Erez Petrank",
	title =   "Black-box Constructions for Secure Computation",
	booktitle = stoc38,
	year =    "2006",
}

@InProceedings{DiCMalOst00,
	author =  "Giovanni {Di C}rescenzo and Tal Malkin and Rafail Ostrovsky",
	title =   "Single Database Private Information Retrieval Implies
	Oblivious Transfer",
	booktitle=ec,
	year =    "2000",
}


@InProceedings{KushilevitzO97,
	title =   "Replication is {NOT} Needed: {SINGLE} Database,
	Computationally-Private Information Retrieval",
	author =  "Eyal Kushilevitz and Rafail Ostrovsky",
	year =    "1997",
	booktitle =   focs38,
	pages =   "364--373",
}

@InProceedings{Stern98,
	author =  "Julien. P. Stern",
	title =   "A New and Efficient All-Or-Nothing Disclosure of Secrets Protocol",
	booktitle = ac98,
	year =    "1998",
}


@inproceedings{WolfW06,
	author={Stefan Wolf and J{\"u}rg Wullschleger},
	title={Oblivious Transfer Is Symmetric},
	booktitle=ec,
	year={2006},
	pages={222-232}
}



@misc{Rabin81,
	author = "M. O. Rabin",
	title = "How to Exchange Secrets by Oblivious Transfer",
	howpublished = "TR-81, Harvard",
	year = "1981"}

}


@InProceedings{CreKil88,
	author =  "Crepeau and Kilian",
	title =   "Weakening Security Assumptions and Oblivious Transfer",
	booktitle =  crypto88,
	year =    "1988",
}


@InProceedings{Crepeau87,
	title =        "Equivalence between Two Flavours of Oblivious
	Transfers",
	author =       "Claude Cr{\'e}peau",
	booktitle =  crypto87,
	year =         "1987",
}

@InProceedings{BraCreRob86a,
	author =  "Brassard and Crepeau and Robert",
	title =   "Information Theoretic Reductions Among Disclosure
	Problems",
	booktitle =   focs27,
	year =    "1986",
}

@InProceedings{CreSan91,
	author =  "Crepeau and Santha",
	title =   "On the Reversibility of Oblivious Transfer",
	booktitle =ec91,
	year =    "1991",
}

@Article{Blum83,
	title =   "How to Exchange (Secret) Keys",
	author =  "Manuel Blum",
	journal = "ACM Transactions on Computer Systems",
	year =    "1983",
}


@inproceedings{GertnerKMRV00,
	author={Yael Gertner and Sampath Kannan and Tal Malkin and Omer Reingold and Mahesh
	Viswanathan},
	title={The Relationship between Public Key Encryption and Oblivious Transfer},
	booktitle = stoc,
	year={2000},
}


@inproceedings{HaitnerHR06a,
	author="Iftach Haitner and Danny Harnik and Omer Reingold",
	title={On the Power of the Randomized Iterate},
	booktitle = crypto06,
	year=2006,
}

@inproceedings{HaitnerHR06b,
	author="Iftach Haitner and Danny Harnik and Omer Reingold",
	title={Efficient Pseudorandom Generators from Exponentially Hard One-Way Functions},
	booktitle =icalp,
	year=2006,
}


@article{GoldreichKL93,
	author = "O. Goldreich and H. Krawczyk and M. Luby",
	title = "On the Existence of Pseudorandom Generators",
	JOURNAL   = siamjc,
	volume = "22",
	number = 6,
	pages = "1163--1175",
	year = 1993
}


@inproceedings{Holenstein06,
	author     = {Thomas Holenstein},
	title      = {Pseudorandom Generators from One-Way Functions: A Simple Construction for Any Hardness},
	booktitle = tcc,
	year       = 2006,
}

@inproceedings{Fischlin02,
	author={Marc Fischlin},
	title={On the Impossibility of Constructing Non-Interactive Statistically-Secret
	Protocols from any Trapdoor One-Way Function},
	booktitle={Topics in Cryptology - The Cryptographers' Track at the RSA Conference},
	year={2002},
	pages={79-95}
}


@inproceedings{GoldreichILVZ90,
	author="Oded Goldreich and Russell Impagliazzo and Leonid A. Levin and Ramarathnam Venkatesan and David Zuckerman",
	title="Security Preserving Amplification of Hardness",
	pages="318-326",
	booktitle = focs,
	year=1990
}
@InProceedings{BlumM82,
	author =       "Manuel Blum and Silvio Micali",
	title =        "How to Generate Cryptographically Strong Sequences of
	Pseudo Random Bits",
	pages =        "112--117",
	booktitle =    focs,
	year =         "1982",
}


@article{LubyR88,
	author = "Michael Luby and Charles Rackoff",
	title = "How to Construct Pseudorandom Permutations from Pseudorandom Functions",
	JOURNAL   = siamjc,
	volume = "17",
	number = 2,
	pages = "373--386",
	year = 1988
}

@InProceedings{GoldreichL89,
	author={Oded Goldreich and Leonid A. Levin},
	title={A Hard-Core Predicate for all One-Way Functions},
	booktitle= stoc,
	pages={25--32},
	year=1989
}

@Article{Levin87,
	author={Leonid A. Levin},
	title={One-Way Functions and Pseudorandom Generators},
	journal={Combinatorica},
	volume={7},
	pages = "357-363",
	year={1987}
}

@InProceedings{ImpagliazzoLL89,
	author = "Russell Impagliazzo and Leonid A. Levin and Michael Luby",
	title = "Pseudo-random Generation from One-Way Functions",
	booktitle=stoc,
	pages={12--24},
	year=1989
}


@InProceedings{Hastad90,
	author={Johan H{\aa}stad},
	title = "Pseudo-random Generators under Uniform Assumptions",
	booktitle=stoc,
	pages={387--394},
	year=1990
}

@Article{Nisan92,
	author={Noam Nisan},
	title={Pseudorandom generators for space-bounded computation},
	journal={Combinatorica},
	volume={12},
	number={4},
	pages = "449-461",
	year={1992}
}


@inproceedings{ImpagliazzoZ89,
	author="Russell Impagliazzo and David Zuckerman",
	title="How to Recycle Random Bits",
	pages="248--253",
	booktitle=focs,
	year=1989
}


@inproceedings{Holenstein05,
	author     = {Thomas Holenstein},
	title      = {Key Agreement from Weak Bit Agreement},
	booktitle  = stoc,
	pages      = {664--673},
	year       = 2005,
}

@PHDTHESIS{Holenstein2006Phd,
	title={Strengthening key agreement using hard-core sets},
	author={Holenstein, Thomas},
	year={2006},
	school={ETH ZURICH},
}


@Article{ApplebaumIK06a,
	author    = {Benny Applebaum and Yuval Ishai and Eyal Kushilevitz},
	title     = {Cryptography in {NC}$^{\mbox{0}}$.},
	journal = siamjc,
	volume =  "36",
	year =    "2006",
}

@misc{Phillips93,
	autohr="S. Phillips",
	title="Security Preserving Hardness Amplification using {PRG}s for Bounded Space",
	howpublished="Preliminary Report, Unpublished",
	year=1993
}


@InProceedings{DiCrescenzoI99,
	author={G. {Di Crescenzo} and Russell Impagliazzo},
	title={Security-Preserving Hardness-Amplification for Any Regular One-Way Function},
	booktitle=stoc,
	pages={169-178},
	year=1999
}


@inproceedings{HerzbergL92,
	author={Alon Herzberg and Michael Luby},
	title={Pubic Randomness in Cryptography},
	pages= {421--432},
	booktitle = crypto,
	publisher = {Springer},
	volume=740,
	year=1992
}


@Article{NaorN93,
	title =        "Small-Bias Probability Spaces: Efficient Constructions
	and Applications.",
	author =       "J. Naor and M. Naor",
	year =         1993,
	journal =      siamjc,
}


@InProceedings{ImpagliazzoNW94,
	author={Russell Impagliazzo and Noam Nisan and Avi Wigderson},
	title={Pseudorandomness for network algorithms},
	booktitle= stoc,
	pages={356-364},
	year=1994
}

@Article{Topsoe01,
	title =   "Bounds for Entropy and Divergence for Distributions over a Two-Element Set",
	author =  "Flemming Tops{\o}e",
	journal = "Journal of Inequalities in Pure and Applid Mathematics",
	year =    "2001",
}

@InProceedings{HaitnerReVaWe09,
	author =       {Iftach Haitner and Omer Reingold and Salil Vadhan and Hoeteck Wee},
	title =        {Inaccessible Entropy},
	booktitle  = stoc,
	PAGES = {611--620},
	year = {2009},
}



@ARTICLE{HaitnerNgOnReVa09,
	author =       "Iftach Haitner and Minh Nguyen and Shien Jin Ong and Omer Reingold and Salil Vadhan",
	title =        "Statistically Hiding Commitments and Statistical Zero-Knowledge Arguments from Any One-Way Function",
	JOURNAL =      sicomp,
	YEAR =         {2009},
	volume =       {39},
	number =       {3},
	pages =        {1153--1218},
}






@InProceedings{DamPfi98,
	author =	"Ivan B. Damg{\aa}rd and Birgit Pfitzmann",
	title =	"Sequential Iteration Arguments and an Efficient
	Zero-Knowledge Argument for {NP}",
	booktitle =icalp,
	year = 	"1998",
}


@Book{GoldreichModernCrypto,
	author =	"Oded Goldreich",
	title =	"Modern Cryptography, Probabilistic Proofs and
	Pseudorandomness",
	publisher =	"Springer-Verlag",
	year = 	"1999",
}


@InProceedings{BellareImNa97,
	author =	"Mihir Bellare and Russell Impagliazzo and Moni Naor",
	title =	"Does Parallel Repetition Lower the Error in
	Computationally Sound Protocols?",
	booktitle =	focs,
	year = 	"1997",
}




@inproceedings{HastadPWP10,
	author    = {Johan H{\aa}stad and Rafael Pass and Douglas Wikstr{\"{o}}m and Krzysztof Pietrzak},
	title     = {An Efficient Parallel Repetition Theorem},
	booktitle = tcc,
	pages     = {1--18},
	year      = {2010},
}



@InProceedings{PietrzakW07,
	title =	{Parallel Repetition of Computationally Sound Protocols
	Revisited},
	author =	{Krzysztof Pietrzak and Douglas Wikstr{\"o}m},
	booktitle =	tcc,
	year = 	"2007",
	pages =	"86--102",
}







@article{HaitnerPR13,
	author    = {Iftach Haitner},
	title     = {A Parallel Repetition Theorem for Any Interactive Argument},
	journal   = siamjc,
	volume    = {42},
	number    = {6},
	pages     = {2487--2501},
	year      = {2013},
}




@inproceedings{GoldreichMiWi87,
	author    = {Oded Goldreich and
	Silvio Micali and
	Avi Wigderson},
	title     = {How to Play any Mental Game or A Completeness Theorem for
	Protocols with Honest Majority},
	pages     = {218-229},
	crossref  = {proc:stoc19},
	year = {1987},
}




@article{BogdanovT06,
	author    = {Andrej Bogdanov and
	Luca Trevisan},
	title     = {On Worst-Case to Average-Case Reductions for NP Problems},
	journal   = siamjc,
	volume    = {36},
	number    = {4},
	year      = {2006},
	pages     = {1119-1159},
	bibsource = {DBLP, http://dblp.uni-trier.de}
}


@Article{FujisakiEtAl04,
	author =	"Eiichiro Fujisaki and Tatsuaki Okamoto and David Pointcheval and Jacques Stern",
	title =	"{RSA}-{OAEP} Is Secure under the {RSA} Assumption",
	journal =	JCRYPTOLOGY,
	volume =	"17",
	year = 	"2004",
}


@Article{RSA76,
	author =	"Ronald L. Rivest and Adi Shamir and Leonard M. Adelman",
	title =	"A method for obtaining digital signatures and
	public-key cryptosystems",
	journal =	"Communications of the ACM",
	volume =	"21",
	number =	"2",
	year = 	"1978",
	pages =	"120--126",
}

@Manual{pkcsv21,
	organization = "{RSA Laboratories}",
	title =	"{PKCS} \#1: {RSA} Encryption Standard",
	address =	"Redwood City, California",
	month =	nov,
	year = 	"1993",
	topic =	"pkcs1[1] rsa[1]",
}

@inproceedings{BoldyrevaFischlin05,
	author    = {Alexandra Boldyreva and
	Marc Fischlin},
	title     = {Analysis of Random Oracle Instantiation Scenarios for OAEP
	and Other Practical Schemes},
	booktitle = crypto05,
	year      = {2005},
	pages     = {412-429},
}




@Article{CanGolHal04,
	author =	"Ran Canetti and Oded Goldreich and Shai Halevi",
	title =	"The Random Oracle Methodology, Revisited",
	journal =	"JACM: Journal of the ACM",
	volume =	"51",
	year = 	"2004",
}

@InProceedings{Canetti04,
	author =	"Ran Canetti and Oded Goldreich and Shai Halevi",
	title =	"On the Random-Oracle Methodology as Applied to
	Length-Restricted Signature Schemes",
	booktitle = tcc,
	year = 	"2004",
}

@InProceedings{Nielsen02,
	author =	"Jesper Buus Nielsen",
	title =	"Separating Random Oracle Proofs from Complexity
	Theoretic Proofs: The Non-committing Encryption Case",
	booktitle =	crypto02,
	year = 	"2002",
}


@InProceedings{GolTau03,
	author =	"Shafi Goldwasser and Yael Tauman Kalai",
	title =	"On the (In)security of the Fiat-Shamir Paradigm",
	booktitle =   focs44,
	year = 	"2003",
}



@InProceedings{BelBolPal04,
	author =	"Mihir Bellare and  Alexandra Boldyreva and Adriana Palacio",
	title =	"An Uninstantiable Random-Oracle-Model Scheme for a
	Hybrid-Encryption Problem",
	booktitle =	ec,
	year = 	"2004",
}


@inproceedings{Dodis05,
	author    = {Yevgeniy Dodis and
	Roberto Oliveira and
	Krzysztof Pietrzak},
	title     = {On the Generic Insecurity of the Full Domain Hash},
	booktitle = crypto05,
	year      = {2005},
	pages     = {449-466},
	bibsource = {DBLP, http://dblp.uni-trier.de}
}






@inproceedings{KiltzPietrzak09,
	author    = {Eike Kiltz and
	Krzysztof Pietrzak},
	title     = {On the Security of Padding-Based Encryption Schemes - or
	- Why We Cannot Prove OAEP Secure in the Standard Model},
	booktitle = ec,
	year      = {2009},
	pages     = {389-406},
}

@inproceedings{GennaroT00,
	author={Rosario Gennaro and Luca Trevisan},
	title={Lower Bounds on the Efficiency of Generic Cryptographic Constructions},
	booktitle={Proceedings of the 41st Annual Symposium on Foundations of Computer Science},
	year={2000},
	pages={305-313}
}


@article{GennaroGKT05,
	author    = {Rosario Gennaro and
	Yael Gertner and
	Jonathan Katz and
	Luca Trevisan},
	title     = {Bounds on the Efficiency of Generic Cryptographic Constructions},
	journal   = siamjc,
	volume    = {35},
	number    = {1},
	year      = {2005},
	pages     = {217-246},
}


@inproceedings{Wee07,
	author    = {Hoeteck Wee},
	title     = {One-Way Permutations, Interactive Hashing and Statistically
	Hiding Commitments},
	booktitle = tcc,
	year      = {2007},
	pages     = {419-433},
}


@InProceedings{HaitnerHol09,
	author={Haitner, Iftach and Holenstein, Thomas},
	title={On the (Im)Possibility of Key Dependent Encryption},
	booktitle=tcc,
	year=2009,
}


@inproceedings{GennaroHaleviRabin99,
	author    = {Rosario Gennaro and
	Shai Halevi and
	Tal Rabin},
	title     = {Secure Hash-and-Sign Signatures Without the Random Oracle},
	booktitle = ec99,
	year      = {1999},
	pages     = {123-139},
}


@article{CramerShoup00,
	author    = {Ronald Cramer and
	Victor Shoup},
	title     = {Signature schemes based on the strong RSA assumption},
	journal   = {ACM Trans. Inf. Syst. Secur.},
	volume    = {3},
	number    = {3},
	year      = {2000},
	pages     = {161-185},
}

@InProceedings{HohenbergerW09,
	title =	"Short and Stateless Signatures from the {RSA}
	Assumption",
	author =	"Susan Hohenberger and Brent Waters",
	
	booktitle = crypto09,
	year = 	"2009",
	pages =	"654--670",
}

@InProceedings{Naor03,
	author =	"Moni Naor",
	title =	"On Cryptographic Assumptions and Challenges",
	booktitle =	crypto03,
	year = 	"2003",
}


@Article{SudTreVad01,
	author =	"Madhu Sudan and Luca Trevisan and Salil Vadhan",
	title =	"Pseudorandom Generators without the {XOR} Lemma",
	journal =	"JCSS: Journal of Computer and System Sciences",
	volume =	"62",
	year = 	"2001",
}


@InProceedings{LinTreWee05,
	author =	"Henry Lin and Luca Trevisan and  Hoeteck Wee",
	title =	"On Hardness Amplification of One-Way Functions",
	booktitle =	tcc,
	year = 	"2005",
}


@InProceedings{Lu06,
	title =	"On the Complexity of Parallel Hardness Amplification
	for One-Way Functions",
	author =	"Chi-Jen Lu",
	booktitle =	tcc,
	year = 	"2006",
	pages =	"462--481",
}

@InProceedings{Viola05,
	title =	"On Constructing Parallel Pseudorandom Generators from
	One-Way Functions",
	author =	"Emanuele Viola",
	year = 	"2005",
	booktitle =	coco20,
	pages =	"183--197",
}

@Article{Shanno49,
	author =	"C. E. Shannon",
	title =	"Communication Theory of Secrecy Systems",
	volume =	"28",
	month =	oct,
	added-by =	"rah",
	keywords =	"Encryption, information, equivocation",
	year = 	"1949",
	pages =	"656--715",
	journal =	"Bell Systen Technicl Journal",
}

@misc{Massey93,
	autohr="James Lee Massey",
	title="Cryptography: Fundamentals and application",
	howpublished="Copies of transparencies, Advanced Technology Seminars",
	year=1993
}







@InProceedings{Merkle89a,
	author =	{Ralph C. Merkle},
	title =	"One Way Hash Functions and {DES}",
	booktitle =	crypto89,
	year = 	"1989",
}


@InProceedings{Damgard89a,
	author =	"Ivan Damg{\aa}rd",
	title =	"A Design Principle for Hash Functions",
	booktitle =	crypto89,
	year = 	"1989",
}


@InProceedings{Shoup00b,
	author =	"Victor Shoup",
	title =	"A Composition Theorem for Universal One-Way Hash
	Functions",
	booktitle =	ec,
	year = 	"2000",
}



@InProceedings{Mironov01,
	author =	"Ilya Mironov",
	title =	"Hash Functions: From Merkle-Damgard to Shoup",
	booktitle =	ec,
	year = 	"2001",
}



@InProceedings{Mironov10,
	title =	"Domain Extension for Enhanced Target
	Collision-Resistant Hash Functions",
	author =	"Ilya Mironov",
	booktitle =	"FSE",
	booktitle =	"Fast Software Encryption, 17th International Workshop,
	{FSE} 2010, Seoul, Korea, February 7-10, 2010, Revised
	Selected Papers",
	year = 	"2010",
	pages =	"153--167",
}


@InProceedings{WangEtAl05b,
	author =	"Xiaoyun Wang and Xuejia Lai and Xuejia Feng and Hui Chen and Xiuyuan Yu",
	title =	"Cryptanalysis of the Hash Functions {MD4} and
	{RIPEMD}",
	booktitle =	ec,
	year = 	"2005",
}

@InProceedings{WanYu05,
	author =	"Xiaoyun Wang and Xiuyuan Yu",
	title =	"How to Break {MD5} and Other Hash Functions",
	booktitle =	ec,
	year = 	"2005",
}

@InProceedings{WangYiYu05a,
	author =	"Xiaoyun Wang and Yiqun Lisa Yin and Hongbo Yu",
	title =	"Finding Collisions in the Full {SHA-1}",
	booktitle =	crypto05,
	year = 	"2005",
}


@InProceedings{WangYiYu05b,
	author =	"Xiaoyun Wang and Hongbo Yu and Yiqun Lisa Yin",
	title =	"Efficient Collision Search Attacks on {SHA-0}",
	booktitle =	crypto05,
	year = 	"2005",
}

@InProceedings{Coron00,
	author =	"Jean-Se'bastien Coron",
	title =	"On the Exact Security of Full Domain Hash",
	booktitle =	crypto00,
	year = 	"2000",
}


@InProceedings{CanettiRSTVW07,
	title =	"Amplifying Collision Resistance: {A}
	Complexity-Theoretic Treatment",
	author =	"Ran Canetti and Ronald L. Rivest and Madhu Sudan and
	Luca Trevisan and Salil P. Vadhan and Hoeteck Wee",
	booktitle =	crypto07,
	year = 	2007,
	pages =	"264--283",
}


@inproceedings{BermanH12,
	author    = {Itay Berman and
	Iftach Haitner},
	title     = {From Non-adaptive to Adaptive Pseudorandom Functions},
	booktitle = tcc,
	year      = {2012},
	pages     = {357-368},
}



@Article{BermanH13,
	author    = {Itay Berman and Iftach Haitner},
	title     = {From Non-adaptive to Adaptive Pseudorandom Functions},
	journal = jcrypt,
	year      = {2013},
	pages     = {1-15},
	note      = "Preliminary version in {\it TCC '12}."
}




@inproceedings{DodisHT12,
	title={On the instantiability of hash-and-sign rsa signatures},
	author={Dodis, Yevgeniy and Haitner, Iftach and Tentes, Aris},
	booktitle = tcc,
	year={2012},
	pages={112--132},
}





@InProceedings{HaitnerOmri11,
	title={{Coin Flipping with Constant Bias Implies One-Way Functions}},
	author={Iftach Haitner and Eran Omri},
	booktitle=focs,
	pages={110--119 },
	year={2011},
}


@InProceedings{Maji10,
	title={{On the Computational Complexity of Coin Flipping}},
	author={Hemanta K. Maji and Manoj Prabhakaran and Amit Sahai},
	booktitle=focs,
	pages={613--622},
	year={2010},
}




@InProceedings{ImpLev90,
	author =       {Russell Impagliazzo and Leonid Levin},
	title =        {No Better Ways to Generate Hard {NP} Instances than Picking
	Uniformly at Random},
	booktitle =    focs31,
	pages =        {812-821},
	year =         1990,
}



@ARTICLE{BermanHT18,
	author =       {Itay Berman and Iftach Haitner and Aris Tentes},
	title =        {Coin Flipping of Any Constant Bias Implies One-Way Functions},
	journal =      jacm,
	volume={65},
	number={3},
	pages={14},
	year={2018},
}



@InProceedings{HaitnerHolReVaWe10,
	author = {Iftach Haitner and Thomas Holenstein and Omer Reingold and Salil Vadhan and Hoeteck Wee},
	title = {Universal One-Way Hash Functions via Inaccessible Entropy},
	booktitle =	ec,
	pages={616--637},
	year = {2010},
}







@ARTICLE{HaitnerReVa13,
	author = {Iftach Haitner and Omer Reingold and Salil Vadhan},
	title = {Efficiency Improvements in Constructing Pseudorandom Generators from One-way Functions},
	JOURNAL = siamjc,
	year = 	{2013},
	number =	{3},
	volume =	{42},
	pages =	{1405--1430},
	note      = "Preliminary version in {\it STOC'10}."
}


@INPROCEEDINGS{VadhanZh12,
	AUTHOR =       {Salil Vadhan and Colin Jia Zheng},
	TITLE =        {Characterizing Pseudoentropy and Simplifying Pseudorandom Generator Constructions},
	BOOKTITLE = stoc,
	pages     = {817-836},
	year = {2012},
}




@INPROCEEDINGS{HaitnerT14,
	AUTHOR =      {Iftach Haitner and Eliad Tsfadia},
	TITLE =        {An Almost-Optimally Fair Three-Party Coin-Flipping Protocol},
	BOOKTITLE = stoc,
	pages     = {817-836},
	year = {2014},
}



@inproceedings{BellareImNa97,
	author    = {Mihir Bellare and
	Russell Impagliazzo and
	Moni Naor},
	title     = {Does Parallel Repetition Lower the Error in Computationally
	Sound Protocols?},
	BOOKTITLE  = focs38,
	year      = {1997},
	pages     = {374-383},
}


@inproceedings{HaastadPWP10,
	title={An efficient parallel repetition theorem},
	author={H{\aa}stad, Johan and Pass, Rafael and Wikstr{\"o}m, Douglas and Pietrzak, Krzysztof},
	booktitle=tcc,
	pages={1--18},
	year={2010},
}


@Article{SudTreVad01,
	author =	"Madhu Sudan and Luca Trevisan and Salil Vadhan",
	title =	"Pseudorandom Generators without the {XOR} Lemma",
	journal =	"JCSS: Journal of Computer and System Sciences",
	volume =	"62",
	year = 	"2001",
}

@InProceedings{LinTreWee05,
	author =	"Henry Lin and Luca Trevisan and  Hoeteck Wee",
	title =	"On Hardness Amplification of One-Way Functions",
	booktitle =	tcc,
	year = 	"2005",
}



@InProceedings{Viola05,
	title =	"On Constructing Parallel Pseudorandom Generators from
	One-Way Functions",
	author =	"Emanuele Viola",
	year = 	"2005",
	booktitle =	coco20,
	pages =	"183--197",
}


@InProceedings{Lu06,
	title =	"On the Complexity of Parallel Hardness Amplification
	for One-Way Functions",
	author =	"Chi-Jen Lu",
	booktitle =	tcc,
	year = 	"2006",
	pages =	"462--481",
}


@InProceedings{DamPfi98,
	author =  "Ivan B. Damg{\"a}rd and Birgit Pfitzmann",
	title =   "Sequential Iteration Arguments and an Efficient
	Zero-Knowledge Argument for {NP}",
	booktitle =icalp,
	pages =   "772--783",
	year =    "1998",
}



@Book{GoldreichModernCrypto,
	author =  "Oded Goldreich",
	title =   "Modern Cryptography, Probabilistic Proofs and
	Pseudorandomness",
	Publisher      = {Springer},
	year =    "1999",
}




@book{HabibMRR2013,
	title={Probabilistic methods for algorithmic discrete mathematics},
	author={Habib, Michel and McDiarmid, Colin and Ramirez-Alfonsin, Jorge and Reed, Bruce},
	volume={16},
	year={2013},
	publisher={Springer Science \& Business Media}
}



@InProceedings{PietrzakW07,
	title =	{Parallel Repetition of Computationally Sound Protocols
	Revisited},
	author =	{Krzysztof Pietrzak and Douglas Wikstr{\"o}m},
	booktitle =	tcc,
	year = 	"2007",
	pages =	"86--102",
}


@InProceedings{ChungLiu10,
	author =  "Kai-Min Chung and Feng-Hao Liu",
	title =   "Parallel Repetition Theorems for Interactive Arguments",
	booktitle = tcc,
	pages =   "19--36",
	year =    "2010",
}

@ARTICLE{RivestShAd78,
	AUTHOR =       {Ronald L. Rivest and Adi Shamir and Leonard M. Adleman},
	TITLE =        {A Method for Obtaining Digital Signatures and Public-Key Cryptosystems},
	JOURNAL =      {Communications of the ACM},
	YEAR =         {1978},
	volume =       {21},
	number =       {2},
	pages =        {120--126},
}


@TechReport{Rabin79,
	title =        {Digitalized Signatures and Public-Key
	Functions as Intractable as Factorization},
	year =         "1979",
	author =       "M. O. Rabin",
}


@inproceedings{BLZ94,
	author = {Buchmann,, J. and Loho,, J. and Zayer,, J.},
	title = {An implementation of the general number field sieve},
	booktitle = crypto93,
	year = {1994},
	pages = {159--165},
}


@ARTICLE{Shor97,
	author = {Peter W. Shor},
	title = {Polynomial-time algorithms for prime factorization and discrete logarithms on a quantum computer},
	journal = sicomp,
	year = {1997},
	volume = {26},
	pages = {1484--1509}
}


@article{ChungPass13,
	author = {Chung, Kai-Min and Pass, Rafael},
	title = {Guest Column: Parallel Repetition Theorems for Interactive Arguments},
	journal = {SIGACT News},
	volume = {44},
	number = {1},
	year = {2013},
	pages = {50--69},
}


@inproceedings{MoranNS09,
	author    = {Tal Moran and Moni Naor and Gil Segev},
	title     = {An Optimally Fair Coin Toss},
	booktitle = tcc,
	year      = {2009},
	pages     = {1--18},
}



@article{FeigenbaumF93,
	author    = {Joan Feigenbaum and
	Lance Fortnow},
	title     = {Random-Self-Reducibility of Complete Sets},
	journal   = siamjc,
	volume    = {22},
	number    = {5},
	year      = {1993},
	pages     = {994-1005},
}


@article{BogdanovT06,
	author    = {Andrej Bogdanov and
	Luca Trevisan},
	title     = {On Worst-Case to Average-Case Reductions for {NP} Problems},
	journal   = siamjc,
	volume    = {36},
	number    = {4},
	year      = {2006},
	pages     = {1119-1159},
}


@inproceedings{AkaviaGGM06,
	author    = {Adi Akavia and
	Oded Goldreich and
	Shafi Goldwasser and
	Dana Moshkovitz},
	title     = {On basing one-way functions on NP-hardness},
	booktitle = stoc38,
	year      = {2006},
	pages     = {701-710},
}

@inproceedings{Pass06,
	author    = {Rafael Pass},
	title     = {Parallel Repetition of Zero-Knowledge Proofs and the Possibility
	of Basing Cryptography on NP-Hardness},
	booktitle = coco21,
	year      = {2006},
	pages     = {96-110},
}

@inproceedings{HaitnerMX10,
	title={A new sampling protocol and applications to basing cryptographic primitives on the hardness of {NP}},
	author={Haitner, Iftach and Mahmoody, Mohammad and Xiao, David},
	booktitle =coco25,
	pages={76--87},
	year={2010},
}

@inproceedings{MahmoodyX2010,
	title={On the Power of Randomized Reductions and the Checkability of SAT},
	author={Mahmoody, Mohammad and Xiao, David},
	booktitle =coco25,
	pages={64--75},
	year={2010},
}


@inproceedings{GutfreundST05,
	author    = {Dan Gutfreund and
	Ronen Shaltiel and
	Amnon Ta-Shma},
	title     = {If {NP} Languages are Hard on the Worst-Case Then It is Easy
	to Find Their Hard Instances},
	booktitle = coco20,
	year      = {2005},
	pages     = {243-257},
}


@inproceedings{Impagliazzo1995,
	title={A personal view of average-case complexity},
	author={Impagliazzo, Russell},
	booktitle=coco10,
	pages={134--147},
	year={1995},
}

@inproceedings{Impagliazzo1995,
	title={A personal view of average-case complexity},
	
	booktitle=coco10,
	pages={134--147},
	year={1995},
}


@Unpublished{Impagliazzo09,
	author={Impagliazzo, Russell},
	title  ={5 worlds of problems},
	note = {Presentation at the Impagliazzo's Worlds  Workshop},
	year = {2009}
}




@article{HaitnerHR11,
	title={On the power of the randomized iterate},
	author={Haitner, Iftach and Harnik, Danny and Reingold, Omer},
	journal=sicomp,
	volume={40},
	number={6},
	pages={1486--1528},
	year={2011},
}



@INPROCEEDINGS{VadhanZh12,
	AUTHOR =       {Salil Vadhan and Colin Jia Zheng},
	TITLE =        {Characterizing Pseudoentropy and Simplifying Pseudorandom Generator Constructions},
	BOOKTITLE = stoc44,
	pages     = {817-836},
	year = {2012},
}


@inproceedings{Pietrzak05,
	author    = {Krzysztof Pietrzak},
	title     = {Composition Does Not Imply Adaptive Security},
	booktitle = crypto05,
	year      = {2005},
	pages     = {55-65},
}


@Article{Valiant84,
	author = {Leslie G. Valiant},
	title = {A Theory of the Learnable},
	journal = {Communications of the ACM},
	year = {1984},
	volume = {27},
	number = {11},
	pages = {1134--1142},
}


@Article{RazborovRu97,
	title={Natural Proofs},
	author={Alexander A. Razborov and Steven Rudich},
	pages={24--35},
	journal=jcss,
	year=1997,
}


@inproceedings{GennaroT00,
	author={Rosario Gennaro and Luca Trevisan},
	title={Lower Bounds on the Efficiency of Generic Cryptographic Constructions},
	booktitle={Proceedings of the 41st Annual Symposium on Foundations of Computer Science},
	year={2000},
	pages={305-313}
}


@Misc{ApplebaumHol07,
	author = "Benny Applebaum and Thomas Holenstein",
	title = "Personal Communication",
	year = "2007",
}



@InProceedings{WangEtAl05b,
	author =	"Xiaoyun Wang and Xuejia Lai and Xuejia Feng and Hui Chen and Xiuyuan Yu",
	title =	"Cryptanalysis of the Hash Functions {MD4} and
	{RIPEMD}",
	booktitle =	ec,
	year = 	"2005",
}

@InProceedings{WanYu05,
	author =	"Xiaoyun Wang and Xiuyuan Yu",
	title =	"How to Break {MD5} and Other Hash Functions",
	booktitle =	ec,
	year = 	"2005",
}

@InProceedings{WangYiYu05a,
	author =	"Xiaoyun Wang and Yiqun Lisa Yin and Hongbo Yu",
	title =	"Finding Collisions in the Full {SHA-1}",
	booktitle =	crypto05,
	year = 	"2005",
}


@InProceedings{WangYiYu05b,
	author =	"Xiaoyun Wang and Hongbo Yu and Yiqun Lisa Yin",
	title =	"Efficient Collision Search Attacks on {SHA-0}",
	booktitle =	crypto05,
	year = 	"2005",
}

@article{CramerShoup04,
	author = {Ronald Cramer and
	Victor Shoup},
	title = {Design and Analysis of Practical Public-Key Encryption
	Schemes Secure against Adaptive Chosen Ciphertext
	Attack},
	journal = siamjc,
	year = {2003},
	pages = {167-226},
	volume = {33},
	number = {3},
}

@INPROCEEDINGS{OngVa08,
	AUTHOR = "Shien Jin Ong and Salil Vadhan",
	TITLE = "An Equivalence between Zero Knowledge and Commitments",
	booktitle = tcc,
	pages = {482--500},
	year = {2008},
}


@article{CramerShoup00,
	author = {Ronald Cramer and
	Victor Shoup},
	title = {Signature schemes based on the strong RSA assumption},
	journal = {ACM Trans. Inf. Syst. Secur.},
	volume = {3},
	number = {3},
	year = {2000},
	pages = {161-185},
}

@InProceedings{PassSV06,
	title =	"Construction of a Non-malleable Encryption Scheme from
	Any Semantically Secure One",
	author =	"Rafael Pass and Abhi Shelat and Vinod Vaikuntanathan",
	
	booktitle =	crypto06,
	year = 	"2006",
	pages =	"271--289",
}


@article{BenDavidCGL1992,
	title={On the theory of average case complexity},
	author={Ben-David, Shai and Chor, Benny and Goldreich, Oded and Luby, Michel},
	journal={Journal of Computer and system Sciences},
	volume={44},
	number={2},
	pages={193--219},
	year={1992},
}


@inproceedings{ImpagliazzoLevin1990,
	title={No better ways to generate hard {NP} instances than picking uniformly at random},
	author={Impagliazzo, Russell and Levin, Leonid A},
	booktitle=focs31,
	pages={812--821},
	year={1990},
}


@incollection{BogdanovLee2013,
	title={Limits of provable security for homomorphic encryption},
	author={Bogdanov, Andrej and Lee, Chin Ho},
	booktitle=crypto13,
	pages={111--128},
	year={2013},
}


@inproceedings{Impagliazzo2011,
	title={Relativized separations of worst-case and average-case complexities for {NP}},
	author={Impagliazzo, Russell},
	booktitle=coco11,
	pages={104--114},
	year={2011},
}


@inproceedings{Ajtai1996,
	title={Generating hard instances of lattice problems},
	author={Ajtai, Mikl{\'o}s},
	booktitle=stoc28,
	pages={99--108},
	year={1996},
}


@article{Micciancio2004,
	title={Almost perfect lattices, the covering radius problem, and applications to Ajtai's connection factor},
	author={Micciancio, Daniele},
	journal=sicomp,
	volume={34},
	number={1},
	pages={118--169},
	year={2004},
}


@article{MicciancioR2007,
	title={Worst-case to average-case reductions based on Gaussian measures},
	author={Micciancio, Daniele and Regev, Oded},
	journal=sicomp,
	volume={37},
	number={1},
	pages={267--302},
	year={2007},
}


@article{Regev2009,
	title={On lattices, learning with errors, random linear codes, and cryptography},
	author={Regev, Oded},
	journal=jacm,
	volume={56},
	number={6},
	pages={34},
	year={2009},
}

@inproceedings{Peikert2009,
	title={Public-key cryptosystems from the worst-case shortest vector problem},
	author={Peikert, Chris},
	booktitle=stoc41,
	pages={333--342},
	year={2009},
}



@incollection{Lyubashevsky2009,
	title={On bounded distance decoding, unique shortest vectors, and the minimum distance problem},
	author={Lyubashevsky, Vadim and Micciancio, Daniele},
	booktitle=crypto09,
	pages={577--594},
	year={2009},
}


@inproceedings{BrakerskiLPRS2013,
	title={Classical hardness of learning with errors},
	author={Brakerski, Zvika and Langlois, Adeline and Peikert, Chris and Regev, Oded and Stehl{\'e}, Damien},
	booktitle=stoc45,
	pages={575--584},
	year={2013},
}


@inproceedings{GertnerMR01,
	author={Yael Gertner and Tal Malkin and Omer Reingold},
	title={On the Impossibility of Basing Trapdoor Functions on Trapdoor Predicates},
	booktitle={Proceedings of the 42nd Annual Symposium on Foundations of Computer Science},
	year={2001},
	pages={126-135}
}


@inproceedings{MahmoodyHP2014,
	title={Limits of random oracles in secure computation},
	author={Mahmoody, Mohammad and Maji, Hemanta K and Prabhakaran, Manoj},
	booktitle={Proceedings of the 5th conference on Innovations in theoretical computer science},
	pages={23--34},
	year={2014},
}


@inproceedings{Wullschleger2007,
	title={Oblivious-transfer amplification},
	author={Wullschleger, J{\"u}rg},
	year={2007},
	booktitle=ec,
}


@article{HarnikNRR2006,
	title={Completeness in two-party secure computation: A computational view},
	author={Harnik, Danny and Naor, Moni and Reingold, Omer and Rosen, Alon},
	journal=jcrypt,
	pages={521--552},
	year={2006},
	volume={19},
	number={4},
}




@inproceedings{BermanH12,
	author    = {Itay Berman and
	Iftach Haitner},
	title     = {From Non-adaptive to Adaptive Pseudorandom Functions},
	booktitle = tcc,
	year      = {2012},
	pages     = {357-368},
}

@inproceedings{BermanHKN13,
	author    = {Itay Berman and
	Iftach Haitner and
	Ilan Komargodski and
	Moni Naor},
	title     = {Hardness Preserving Reductions via Cuckoo Hashing},
	booktitle = tcc,
	year      = {2013},
	pages     = {40-59},
}










@article{HaitnerOmri14,
	title={{Coin Flipping with Constant Bias Implies One-Way Functions}},
	author={Iftach Haitner and Eran Omri},
	journal=siamjc,
	year={2014},
	pages={389-–409},
	note      = "Preliminary version in {\it FOCS'11}.",
}



@InProceedings{HastadPPW10,
	title = {An Efficient Parallel Repetition Theorem},
	author =  {Johan H{\"a}stad and Rafael Pass and Krzysztof Pietrzak and Douglas Wikstr{\"o}m},
	booktitle = tcc,
	year =     {2010},
}


@InProceedings{ImpLev90,
	author =       {Russell Impagliazzo and Leonid Levin},
	title =        {No Better Ways to Generate Hard {NP} Instances than Picking
	Uniformly at Random},
	booktitle =    focs31,
	pages =        {812-821},
	year =         1990,
}



@INPROCEEDINGS{BermanHT14,
	AUTHOR =      {Itay Berman and Iftach Haitner and Aris Tentes},
	TITLE =        {Coin Flipping of Any Constant Bias Implies One-Way Functions},
	BOOKTITLE = stoc46,
	pages     = {817-836},
	year = {2014},
}


@InProceedings{HaitnerReVa10,
	author =       {Iftach Haitner and Omer Reingold and Salil Vadhan},
	title =        {Efficiency Improvements in Constructing Pseudorandom Generators from One-way Functions},
	booktitle  = stoc42,
	PAGES = {437--446},
	year = {2010},
}



@inproceedings{CrepeauK88,
	author={Cr{\'e}peau, Claude and Kilian, Joe},
	title={Achieving oblivious transfer using weakened security assumptions},
	booktitle=crypto,
	pages={42--52},
	year={1988},
}



@InProceedings{Cleve86,
	author = {Richard Cleve},
	title =  {Limits on the Security  of Coin Flips When  Half the Processors
	are Faulty},
	pages = {364--369},
	booktitle = stoc,
	year = "1986",
}

@inproceedings{DachmanLMM11,
	author    = {Dana Dachman-Soled and
	Yehuda Lindell and
	Mohammad Mahmoody and
	Tal Malkin},
	title     = {On the Black-Box Complexity of Optimally-Fair Coin Tossing},
	booktitle = tcc,
	year      = {2011},
	pages     = {450-467},
}

@inproceedings{DachmanMM14,
	title={Can Optimally-Fair Coin Tossing Be Based on One-Way Functions?},
	author={Dachman-Soled, Dana and Mahmoody, Mohammad and Malkin, Tal},
	booktitle=tcc,
	pages={217--239},
	year={2014},
}


@unpublished{CleveI93,
	author = {Richard Cleve and Russell Impagliazzo},
	title = {Martingales, collective coin flipping and discrete control processes },
	note = {Manuscript},
	year = {1993}
}


@inproceedings{Crepeau1997,
	title={Efficient cryptographic protocols based on noisy channels},
	author={Cr{\'e}peau, Claude},
	booktitle=ec,
	pages={306--317},
	year={1997},
}


@InProceedings{BeimelOO10,
	author =       {Amos Beimel and Eran Omri and Ilan Orlov},
	title =        {Protocols for Multiparty Coin Toss with Dishonest Majority},
	booktitle =    CRYPTO10,
	pages =        {538-557},
	year =         {2010},
	editor =       {T. Rabin},
	volume =       {6223},
}



@InProceedings{PrabhakaranR2008,
	title={Cryptographic complexity of multi-party computation problems: Classifications and separations},
	author={Prabhakaran, Manoj and Rosulek, Mike},
	booktitle=crypto,
	pages={262--279},
	year={2008},
}





@inproceedings{BarakGhidary07,
	title={Lower bounds on signatures from symmetric primitives},
	author={Barak, Boaz and Mahmoody-Ghidary, Mohammad},
	booktitle=focs,
	pages={680--688},
	year={2007},
}

@InProceedings{BellareR93,
	title =   "Random Oracles are Practical: {A} Paradigm for
	Designing Efficient Protocols",
	author =  "Mihir Bellare and Phillip Rogaway",
	year =    "1993",
	bibdate = "2002-12-11",
	booktitle =   "ACM Conference on Computer and Communications
	Security",
	pages =   "62--73",
}

@article{Schnorr91,
	title={Efficient signature generation by smart cards},
	author={Schnorr, Claus-Peter},
	journal={Journal of cryptology},
	volume={4},
	number={3},
	pages={161--174},
	year={1991},
	publisher={Springer}
}


@inproceedings{BarakGhidary09,
	author={Barak, Boaz and Mahmoody-Ghidary, Mohammad},
	Booktitle = crypto,
	Pages = {374-390},
	Title = {Merkle Puzzles Are Optimal --- An {{\em O}}({\it n}$^{\mbox{2}}$)-Query Attack on Any Key Exchange from a Random Oracle},
	Year = {2009}}




@inproceedings{BHMO18,
	author    = {Amos Beimel and Iftach Haitner and Nikolaos Makriyannis and Eran Omri},
	title     = {Tighter Bounds on Multi-Party Coin Flipping via Augmented Weak Martingales
	and Differentially Private Sampling},
	booktitle = {Proceedings of the 59th Annual Symposium on Foundations of Computer Science {(FOCS).}},
	year      = {2018},
}




@inproceedings{HaitnerMO18,
	title={On the Complexity of Fair Coin Flipping},
	author={Haitner, Iftach and  Makriyannis, Nikolaos  and Omri, Eran},
	booktitle = tcc,
	  pages     = {539--562},
	year        = 2018,
}





@inproceedings{HaitnerMIRY19,
	author={Haitner, Iftach and Mazor, Noam and Oshman, Rotem and Reingold, Omer and Yehudayoff, Amir},
	title={On the Communication Complexity of Key-Agreement Protocols},
	booktitle = itcs,
	year        = 2019,
}



@techreport{rabin1979digitalized,
	title={Digitalized signatures and public-key functions as intractable as factorization},
	author={Rabin, Michael O},
	year={1979},
	institution={Massachusetts Inst of Tech Cambridge Lab for Computer Science},
}

@article{mceliece1978public,
	title={A public-key cryptosystem based on algebraic},
	author={McEliece, Robert J},
	journal={Coding Thv},
	volume={4244},
	pages={114--116},
	year={1978}
}



@misc{bernstein2009ebacs,
	title={eBACS: ECRYPT benchmarking of cryptographic systems. https://bench.cr.yp.to},
	author={Bernstein, Daniel J and Lange, Tanja},
	year={accessed 15 May 2018}
}



@inproceedings{Merkle82a,
	Author = {Ralph C. Merkle},
	Booktitle = {SIMMONS: Secure Communications and Asymmetric Cryptosystems},
	Title = {Secure Communications over Insecure Channels},
	Year = {1982}}


@inproceedings{BeimelHMO18,
	author    = {Amos Beimel and Iftach Haitner and Nikolaos Makriyannis and Eran Omri},
	title     = {Tighter Bounds on Multi-Party Coin Flipping via Augmented Weak Martingales
	and Differentially Private Sampling},
	booktitle = focs,
	year      = {2018},
}


@inproceedings{TTV09,
	title={Regularity, boosting, and efficiently simulating every high-entropy distribution},
	author={Trevisan, Luca and Tulsiani, Madhur and Vadhan, Salil},
	booktitle=coco,
	pages={126--136},
	year={2009},
}

@inproceedings{ChenChungLiao18,
	title={On the Complexity of Simulating Auxiliary Input},
	author={Chen, Yi-Hsiu and Chung, Kai-Min and Liao, Jyun-Jie},
	booktitle=ec,
	pages={371--390},
	year={2018},
}



@article{Prabhakarans14,
	title={Assisted common information with an application to secure two-party sampling},
	author={Prabhakaran, Vinod M and Prabhakaran, Manoj M},
	journal=tit,
	volume={60},
	number={6},
	pages={3413--3434},
	year={2014},
	publisher={IEEE}
}


@inproceedings{Perrig01,
	title={The BiBa one-time signature and broadcast authentication protocol},
	author={Perrig, Adrian},
	booktitle={Proceedings of the 8th ACM conference on Computer and Communications Security},
	pages={28--37},
	year={2001},
	organization={ACM}
}

@inproceedings{ReyzinR02,
	title={Better than BiBa: Short one-time signatures with fast signing and verifying},
	author={Reyzin, Leonid and Reyzin, Natan},
	booktitle={Australasian Conference on Information Security and Privacy},
	pages={144--153},
	year={2002},
}

@inproceedings{EvenGM89,
	title={On-line off-line digital signatures},
	author={Even, Shimon and Goldreich, Oded and Micali, Silvio},
	booktitle={Conference on the Theory and Application of Cryptology},
	pages={263--275},
	year={1989},
}



@inproceedings{HaitnerIOS15,
	title={Parallel hashing via list recoverability},
	author={Haitner, Iftach and Ishai, Yuval and Omri, Eran and Shaltiel, Ronen},
	booktitle=crypto,
	pages={173--190},
	year={2015},
}

@inproceedings{ChungFY2010sss,
	title={Efficient string-commitment from weak bit-commitment},
	author={Chung, Kai-Min and Liu, Feng-Hao and Lu, Chi-Jen and Yang, Bo-Yin},
	booktitle={International Conference on the Theory and Application of Cryptology and Information Security},
	pages={268--282},
	year={2010},
}


@inproceedings{Shor1994,
	title={Algorithms for quantum computation: Discrete logarithms and factoring},
	author={Shor, Peter W},
	booktitle=focs,
	pages={124--134},
	year={1994},
}



@inproceedings{HaitnerMSS19,
	title={Channels of Small Log-Ratio Leakage and Characterization of Two-Party Differentially Private Computation},
	booktitle=tcc,
	pages     = {531--560},
	author={Haitner, Iftach and Mazor, Noam and Shaltiel, Ronen and Silbak, Jad},
	year={2019}
}


@inproceedings{ben2013snarks,
	title={SNARKs for {C}: Verifying program executions succinctly and in zero knowledge},
	author={Ben-Sasson, Eli and Chiesa, Alessandro and Genkin, Daniel and Tromer, Eran and Virza, Madars},
	booktitle=crypto,
	pages={90--108},
	year={2013},
}

@inproceedings{bootle2016efficient,
	title={Efficient zero-knowledge arguments for arithmetic circuits in the discrete log setting},
	author={Bootle, Jonathan and Cerulli, Andrea and Chaidos, Pyrros and Groth, Jens and Petit, Christophe},
	booktitle=ec,
	pages={327--357},
	year={2016},
}

@inproceedings{groth2016size,
	title={On the size of pairing-based non-interactive arguments},
	author={Groth, Jens},
	booktitle=ec,
	pages={305--326},
	year={2016},
}

@inproceedings{parno2013pinocchio,
	title={Pinocchio: Nearly practical verifiable computation},
	author={Parno, Bryan and Howell, Jon and Gentry, Craig and Raykova, Mariana},
	booktitle={IEEE Symposium on Security and Privacy},
	pages={238--252},
	year={2013},
}


@inproceedings{sasson2014zerocash,
	title={Zerocash: Decentralized anonymous payments from bitcoin},
	author={Ben-Sasson, Eli and Chiesa, Alessandro and Garman, Christina and Green, Matthew and Miers, Ian and Tromer, Eran and Virza, Madars},
	booktitle={2014 IEEE Symposium on Security and Privacy},
	pages={459--474},
	year={2014},
}


@inproceedings{ben2016interactive,
	title={Interactive oracle proofs},
	author={Ben-Sasson, Eli and Chiesa, Alessandro and Spooner, Nicholas},
	booktitle= tcc16a,
	pages={31--60},
	year={2016},
}



@article{reingold2019constant,
	title={Constant-round interactive proofs for delegating computation},
	author={Reingold, Omer and Rothblum, Guy N and Rothblum, Ron D},
	journal=sicomp,
	number={0},
	pages={16--255},
	year={2019},
}





@inproceedings{merkle1987digital,
	title={A digital signature based on a conventional encryption function},
	author={Merkle, Ralph C},
	booktitle={Conference on the theory and application of cryptographic techniques},
	pages={369--378},
	year={1987},
}


@techreport{lamport1979constructing,
	title={Constructing digital signatures from a one-way function},
	author={Lamport, Leslie},
	year={1979},
	institution={Technical Report CSL-98, SRI International Palo Alto}
}


@inproceedings{maurer2007domain,
	title={Domain extension of public random functions: Beyond the birthday barrier},
	author={Maurer, Ueli and Tessaro, Stefano},
	booktitle={Annual International Cryptology Conference},
	pages={187--204},
	year={2007},
}



@inproceedings{BellareIN97,
	author    = {Mihir Bellare and
	Russell Impagliazzo and
	Moni Naor},
	title     = {Does Parallel Repetition Lower the Error in Computationally Sound
	Protocols?},
	booktitle = focs,
	pages     = {374--383},
	year      = {1997},
}


@inproceedings{ChungL10,
	author    = {Kai{-}Min Chung and
	Feng{-}Hao Liu},
	title     = {Parallel Repetition Theorems for Interactive Arguments},
	booktitle = tcc,
	pages     = {19--36},
	year      = {2010},
}

@inproceedings{ChungP15,
	author    = {Kai{-}Min Chung and Rafael Pass},
	title     = {Tight Parallel Repetition Theorems for Public-Coin Arguments Using
	KL-Divergence},
	booktitle =tcc,
	pages     = {229--246},
	year      = {2015},
}

@article{PietrzakW12,
	author    = {Krzysztof Pietrzak and
	Douglas Wikstr{\"{o}}m},
	title     = {Parallel Repetition of Computationally Sound Protocols Revisited},
	journal   = jcrypt,
	volume    = {25},
	number    = {1},
	pages     = {116--135},
	year      = {2012},
}








@techreport{BermanHT19,
	AUTHOR =      {Itay Berman  and Iftach Haitner and Eliad Tsfadia},
	title={A Tight Parallel-Repetition Theorem for Random-Terminating Interactive Arguments},
	institution=eccc,
	number = "TR19-049",
	year= 2019,
}

@inproceedings{BermanHT20,
	AUTHOR =      {Itay Berman  and Iftach Haitner and Eliad Tsfadia},
	title     = {A Tight Parallel-Repetition Theorem for Random-Terminating Interactive Arguments},
	booktitle =crypto,
	year      = {2020},
}


@article{brakerski2014efficient,
	title={Efficient fully homomorphic encryption from (standard) LWE},
	author={Brakerski, Zvika and Vaikuntanathan, Vinod},
	journal= jacm,
	volume={43},
	number={2},
	pages={831--871},
	year={2014},
}


@inproceedings{pointcheval1996security,
	title={Security proofs for signature schemes},
	author={Pointcheval, David and Stern, Jacques},
	booktitle={International Conference on the Theory and Applications of Cryptographic Techniques},
	pages={387--398},
	year={1996},
}


@inproceedings{kilian1992note,
	title={A note on efficient zero-knowledge proofs and arguments},
	author={Kilian, Joe},
	booktitle=stoc,
	pages={723--732},
	year={1992},
}


@inproceedings{barak2002universal,
	title={Universal arguments and their applications},
	author={Barak, Boaz and Goldreich, Oded},
	booktitle=coco,
	pages={194--203},
	year={2002},
}



@inproceedings{bauer2018combiners,
	title={Combiners for backdoored random oracles},
	author={Bauer, Balthazar and Farshim, Pooya and Mazaheri, Sogol},
	booktitle=crypto18,
	pages={272--302},
	year={2018},
}


@techreport{dinur2019streaming,
	title={On the Streaming Indistinguishability of a Random Permutation and a Random Function.},
	author={Dinur, Itai},
	number  = {2019/413},
	institution = eprint,
	year = {2019},
}




@techreport{golovnev20193sum,
	title={3SUM with preprocessing: algorithms, lower bounds and cryptographic applications},
	author={Golovnev, Alexander and Guo, Siyao and Horel, Thibaut and Park, Sunoo and Vaikuntanathan, Vinod},
	number  = {1907.08355},
	institution=arxiv,
	year={2019}
}



@techreport{ben2018scalable,
	title={Scalable, transparent, and post-quantum secure computational integrity.},
	author={Ben-Sasson, Eli and Bentov, Iddo and Horesh, Yinon and Riabzev, Michael},
	institution = eprint,
	volume={2018/46},
	year={2018}
}





@inproceedings{laisubvector19,
	title={Subvector Commitments with Application to Succinct Arguments},
	author={Lai, Russell WF and Malavolta, Giulio},
	booktitle = crypto,
	pages={530--560},
	year={2019},
}

@inproceedings{boneh2018batching,
	title={Batching Techniques for Accumulators with Applications to IOPs and Stateless Blockchains.},
	author={Boneh, Dan and B{\"u}nz, Benedikt and Fisch, Ben},
	booktitle = crypto,
	pages={561--586},
	year={2019},
}








@article{chor1991zero,
	title={A zero-one law for boolean privacy},
	author={Chor, Benny and Kushilevitz, Eyal},
	journal={SIAM Journal on Discrete Mathematics},
	volume={4},
	number={1},
	pages={36--47},
	year={1991},
	publisher={SIAM}
}


@inproceedings{wullschleger2009oblivious,
	title={Oblivious transfer from weak noisy channels},
	author={Wullschleger, J{\"u}rg},
	booktitle={Theory of Cryptography Conference},
	pages={332--349},
	year={2009},
}


@PhdThesis{WullschlegerThesis,
	author =       {J{\"u}rg Wullschleger},
	School = {ETH Zurich},
	title =        {Oblivious-Transfer Amplification},
	year =         {2008},
}


@article{nascimento2008oblivious,
	title={On the oblivious-transfer capacity of noisy resources},
	author={Nascimento, Anderson CA and Winter, Andreas},
	journal=tit,
	volume={54},
	number={6},
	pages={2572--2581},
	year={2008},
}


@article{prabhakaran2014assisted,
	title={Assisted common information with an application to secure two-party sampling},
	author={Prabhakaran, Vinod M and Prabhakaran, Manoj M},
	journal=tit,
	volume={60},
	number={6},
	pages={3413--3434},
	year={2014},
}


@incollection{haitner2017many,
	title={The many entropies in one-way functions},
	author={Haitner, Iftach and Vadhan, Salil},
	booktitle={Tutorials on the Foundations of Cryptography},
	pages={159--217},
	year={2017},
	publisher={Springer}
}


@inproceedings{chase2017post,
	title={Post-quantum zero-knowledge and signatures from symmetric-key primitives},
	author={Chase, Melissa and Derler, David and Goldfeder, Steven and Orlandi, Claudio and Ramacher, Sebastian and Rechberger, Christian and Slamanig, Daniel and Zaverucha, Greg},
	booktitle={ACM SIGSAC Conference on Computer and Communications Security},
	pages={1825--1842},
	year={2017},
}


@InProceedings{Dachman11,
	title =   {On the Black-Box Complexity of Optimally-Fair Coin Tossing},
	author =  {Dana Dachman-Soled and Yehuda Lindell and Mohammad
	Mahmoody and Tal Malkin},
	booktitle =   tcc,
	year =    2011,
	pages =   {450--467},
}


@inproceedings{mahmoody2014limits,
	title={Limits of random oracles in secure computation},
	author={Mahmoody, Mohammad and Maji, Hemanta K and Prabhakaran, Manoj},
	booktitle=itcs,
	pages={23--34},
	year={2014},
}


@inproceedings{kim1999limits,
	title={Limits on the efficiency of one-way permutation-based hash functions},
	author={Kim, Jeong Han and Simon, Daniel R and Tetali, Prasad},
	booktitle=focs,
	pages={535--542},
	year={1999},}
}

@inproceedings{crepeau2004efficient,
	title={Efficient unconditional oblivious transfer from almost any noisy channel},
	author={Cr{\'e}peau, Claude and Morozov, Kirill and Wolf, Stefan},
	booktitle={International Conference on Security in Communication Networks},
	pages={47--59},
	year={2004},
}


@inproceedings{BenOrL85,
	title={Collective coin flipping, robust voting schemes and minima of Banzhaf values},
	author={Ben-Or, Michael and Linial, Nathan},
	booktitle=focs,
	pages={408--416},
	year={1985},
}

@article{lichtensteinLS89,
	title={Some extremal problems arising from discrete control processes},
	author={Lichtenstein, David and Linial, Nathan and Saks, Michael},
	journal=combinatorica,
	volume={9},
	number={3},
	pages={269--287},
	year={1989},
}

@inproceedings{TaumanKR18,
	title={A lower bound for adaptively-secure collective coin-flipping protocols},
	author={Tauman Kalai, Yael and Komargodski, Ilan and Raz, Ran},
	booktitle=disc,
	year={2018},
}



@article{FHT03,
	author={A. A. {Fedotov} and P. {Harremoes} and F. {Topsoe}},
	journal={IEEE Transactions on Information Theory},
	title={Refinements of Pinsker's inequality},
	volume={49},
	number={6},
	pages={1491-1498},
	year={2003},
}

@inproceedings{Fei99,
	title={Noncryptographic selection protocols},
	author={Feige, Uriel},
	booktitle=focs,
	pages={142--152},
	year={1999},
}



@article{RSZ02,
	title={Lower bounds for leader election and collective coin-flipping in the perfect information model},
	author={Russell, Alexander and Saks, Michael and Zuckerman, David},
	journal=sicomp,
	volume={31},
	number={6},
	pages={1645--1662},
	year={2002},
	publisher={SIAM}
}



@article{Saks89,
	title={A robust noncryptographic protocol for collective coin flipping},
	author={Saks, Michael},
	journal={SIAM Journal on Discrete Mathematics},
	volume={2},
	number={2},
	pages={240--244},
	year={1989},
	publisher={SIAM}
}


@article{AjtaiL93,
	title={The influence of large coalitions},
	author={Ajtai, Mikl{\'o}s and Linial, Nathan},
	journal={Combinatorica},
	volume={13},
	number={2},
	pages={129--145},
	year={1993},
}



@inproceedings{EOMSM19,
	title={Computational concentration of measure: Optimal bounds, reductions, and more},
	author={Etesami, Omid and Mahloujifar, Saeed and Mahmoody, Mohammad},
	booktitle={Annual ACM-SIAM Symposium on Discrete Algorithms},
	pages={345--363},
	year={2020},
}






@inproceedings{KKL88,
	author={J. {Kahn} and G. {Kalai} and N. {Linial}},
	title={The influence of variables on Boolean functions},
	booktitle=focs,
	pages={68-80},
	year={1988},
}

@inproceedings{GoldwasserKP15,
	title={Adaptively secure coin-flipping, revisited},
	author={Goldwasser, Shafi and Tauman Kalai, Yael and Park, Sunoo},
	booktitle=icalp,
	pages={663--674},
	year={2015},
}


@inproceedings{KhorasganiMM2019,
	title={Estimating gaps in martingales and applications to coin-tossing: constructions and hardness},
	author={Khorasgani, Hamidreza Amini and Maji, Hemanta  and Mukherjee, Tamalika},
	booktitle=tcc,
	pages={333--355},
	year={2019},
}


@unpublished{AwerbuchBCGM1985,
	title={How to implement {B}racha's {${O}(\log n)$} byzantine agreement algorithm},
	author={Awerbuch, Baruch and Blum, Manuel and Chor, Benny and Goldwasser, Shafi and Micali, Silvio},
	year={1985},
	note={Unpublished manuscript}
}

@inproceedings{BuchbinderHLT17,
	author    = {Niv Buchbinder and
	Iftach Haitner and
	Nissan Levi and
	Eliad Tsfadia},
	title     = {Fair Coin Flipping: Tighter Analysis and the Many-Party Case},
	booktitle = soda,
	pages     = {2580--2600},
	year      = {2017},
}

@article{BeimelOO15,
	author    = {Amos Beimel and
	Eran Omri and
	Ilan Orlov},
	title     = {Protocols for Multiparty Coin Toss with a Dishonest Majority},
	journal   = jcrypt,
	volume    = {28},
	number    = {3},
	pages     = {551--600},
	year      = {2015},
}

@inproceedings{BHMO18New,
	author    = {Amos Beimel and Iftach Haitner and Nikolaos Makriyannis and Eran Omri},
	title     = {Tighter Bounds on Multi-Party Coin Flipping via Augmented Weak Martingales
	and Differentially Private Sampling},
	booktitle = focs,
	year      = {2018},
}

@inproceedings{AO16,
	author    = {Bar Alon and
	Eran Omri},
	title     = {Almost-Optimally Fair Multiparty Coin-Tossing with Nearly Three-Quarters Malicious},
	booktitle = tcc16A,
	pages     = {307--335},
	year      = {2016},
}




@inproceedings{KalaiK2015,
	title={Compressing communication in distributed protocols},
	author={Tauman Kalai, Yael  and Komargodski, Ilan},
	booktitle=disc,
	pages={467--479},
	year={2015},
}


@article{AlonN1993,
	title={Coin-flipping games immune against linear-sized coalitions},
	author={Alon, Noga and Naor, Moni},
	journal=sicomp,
	volume={22},
	number={2},
	pages={403--417},
	year={1993},
}

@article{boppana2000perfect,
	title={Perfect-information leader election with optimal resilience},
	author={Boppana, Ravi B and Narayanan, Babu O},
	journal=sicomp,
	volume={29},
	number={4},
	pages={1304--1320},
	year={2000},
}



@inproceedings{MahloujifarM17,
	title={Blockwise p-tampering attacks on cryptographic primitives, extractors, and learners},
	author={Mahloujifar, Saeed and Mahmoody, Mohammad},
	booktitle=tcc,
	pages={245--279},
	year={2017},
}


@inproceedings{MahloujifarDM19a,
	title={The curse of concentration in robust learning: Evasion and poisoning attacks from concentration of measure},
	author={Mahloujifar, Saeed and Diochnos, Dimitrios I and Mahmoody, Mohammad},
	booktitle={AAAI Conference on Artificial Intelligence},
	pages={4536--4543},
	year={2019}
}


@inproceedings{MahloujifarM2019,
	title={Can Adversarially Robust Learning LeverageComputational Hardness?},
	author={Mahloujifar, Saeed and Mahmoody, Mohammad},
	booktitle={Algorithmic Learning Theory},
	pages={581--609},
	year={2019}
}




@techreport{MahloujifarMM2018,
	title={Multi-party Poisoning through Generalized $ p $-Tampering},
	author={Mahloujifar, Saeed and Mahmoody, Mohammad and Mohammed, Ameer},
	number  = {1809.03474},
	institution=arxiv,
	year={2018}
}

@inproceedings{EtesamiMM20,
	title={Computational concentration of measure: Optimal bounds, reductions, and more},
	author={Etesami, Omid and Mahloujifar, Saeed and Mahmoody, Mohammad},
	booktitle=soda,
	pages={345--363},
	year={2020},
}







@InProceedings{HaitnerK20a,
	title={A Tight Lower Bound on Adaptively Secure Full-Information Coin Flip},
	author={Haitner, Iftach and Karidi-Heller, Yonatan},
	booktitle      =focs,
	pages     = {?-},
	year      = 2020,
}


@unpublished{HaitnerK20b,
	title={A Tight Lower Bound on Strongly Adaptively Secure Full-Information Coin Flip and Applications to Data Poisining},
	author={Haitner, Iftach and Karidi-Heller, Yonatan},
	note = {Work in progress},
	year={2020},
}


@inproceedings{Dodis2001,
	title={New imperfect random source with applications to coin-flipping},
	author={Dodis, Yevgeniy},
	booktitle=icalp,
	pages={297--309},
	year={2001},
}


@techreport{Dodis00,
	title={Impossibility of black-box reduction from non-adaptively to adaptively secure coin-flipping},
	author={Dodis, Yevgeniy},
	institution = eccc,
	number      = {TR00-39},
	year={2000},
}


@unpublished{Dodis06,
	author={Dodis, Yevgeniy},
	title     = {Fault-Tolerant Leader Election and Collective Coin-Flipping in the Full Information Model},
	year      = {2006},
	note      = {\url{https://cs.nyu.edu/~dodis/ps/cf-survey.pdf}},
}


@inproceedings{McGregorMPRTV10,
	title={The limits of two-party differential privacy},
	author={McGregor, Andrew and Mironov, Ilya and Pitassi, Toniann and Reingold, Omer and Talwar, Kunal and Vadhan, Salil},
	booktitle=focs,
	pages={81--90},
	year={2010},
}


@inproceedings{DY08,
	author = {Dwork, Cynthia and Yekhanin, Sergey},
	title = {New Efficient Attacks on Statistical Disclosure Control Mechanisms},
	year = {2008},
	booktitle = crypto,
	pages = {469–-480},
}



@inproceedings{DMT07,
	author = {Dwork, Cynthia and McSherry, Frank and Talwar, Kunal},
	title = {The Price of Privacy and the Limits of LP Decoding},
	booktitle = stoc,
	pages = {85--94},
	year = {2007},
}


@inproceedings{dinur2003revealing,
  title={Revealing information while preserving privacy},
  author={Irit Dinur and Kobbi Nissim},
  booktitle={Proceedings of the twenty-second ACM SIGMOD-SIGACT-SIGART symposium on Principles of database systems},
  pages={202--210},
  year={2003}
}



@inproceedings{GMPS13,
	title={Accuracy-Privacy Tradeoffs for Two-Party Differentially Private Protocols},
	booktitle={CRYPTO},
	publisher={Springer},
	pages={298--315},
	author={Vipul Goyal and Ilya Mironov and Omkant Pandey and Amit Sahai},
	year=2013
}




@inproceedings{MPRV09,
	title={Computational differential privacy},
	author={Mironov, Ilya and Pandey, Omkant and Reingold, Omer and Vadhan, Salil},
	booktitle=crypto,
	pages={126--142},
	year={2009},
}


@inproceedings{BunCV16,
	title={Separating computational and statistical differential privacy in the client-server model},
	author={Bun, Mark and Chen, Yi-Hsiu and Vadhan, Salil},
	booktitle=tcc,
	pages={607--634},
	year={2016},
}



@inproceedings{GKMPS16,
	title={Do distributed differentially-private protocols require oblivious transfer?},
	author={Goyal, Vipul and Khurana, Dakshita and Mironov, Ilya and Pandey, Omkant and Sahai, Amit},
	booktitle=icalp,
	 pages     = {29:1--29:15},
	year={2016}
}

@incollection{Vadhan17,
	title={The complexity of differential privacy},
	author={Vadhan, Salil},
	booktitle={Tutorials on the Foundations of Cryptography},
	pages={347--450},
	year={2017},
	publisher={Springer}
}

@inproceedings{DN04,
	title={Privacy-preserving datamining on vertically partitioned databases},
	author={Dwork, Cynthia and Nissim, Kobbi},
	booktitle=crypto,
	pages={528--544},
	year={2004},
}

@phdthesis{HolensteinThesis06,
	title={Strengthening key agreement using hard-core sets},
	author={Holenstein, Thomas},
	year={2006},
	school={ETH Zurich}
}

@inproceedings{BNO08,
	title={Distributed private data analysis: Simultaneously solving how and what},
	author={Beimel, Amos and Nissim, Kobbi and Omri, Eran},
	booktitle=crypto,
	pages={451--468},
	year={2008},

}


@inproceedings{BS16,
	author    = {Mark Bun and
	Thomas Steinke},
	title     = {Concentrated Differential Privacy: Simplifications, Extensions, and
	Lower Bounds},
	booktitle = tcc,
	pages     = {635--658},
	year      = {2016}
}




@inproceedings{DKMMN06,
	Author = {Cynthia Dwork and Krishnaram Kenthapadi and Frank McSherry and Ilya Mironov and Moni Naor},
	Booktitle = ec,
	Pages = {486-503},
	Title = {Our Data, Ourselves: Privacy Via Distributed Noise Generation},
	Year = {2006}
}


@article{barr1999mean,
	title={Mean and variance of truncated normal distributions},
	author={Barr, Donald R and Sherrill, E Todd},
	journal={The American Statistician},
	volume={53},
	number={4},
	pages={357--361},
	year={1999},
	publisher={Taylor \& Francis Group}
}

@article{nagaev1965some,
	title={Some limit theorems for large deviations},
	author={Nagaev, Sergey Victorovich},
	journal={Theory of Probability \& Its Applications},
	volume={10},
	number={2},
	pages={214--235},
	year={1965},
	publisher={SIAM}
}


@inproceedings{HMSS19,
	title={Channels of small log-ratio leakage and characterization of two-party differentially private computation},
	author={Haitner, Iftach and Mazor, Noam and Shaltiel, Ronen and Silbak, Jad},
	booktitle=tcc,
	pages={531--560},
	year={2019},
}


@inproceedings{HaitnerNOSS18,
	author    = {Iftach Haitner and Kobbi Nissim and Eran Omri and 	Ronen Shaltiel and
	Jad Silbak},
	title     = {Computational Two-Party Correlation: {A} Dichotomy for Key-Agreement
	Protocols},
	booktitle = focs,
	pages     = {136--147},
	year      = {2018}
}


@article{HNOSS20,
	author    = {Iftach Haitner and
	Kobbi Nissim and
	Eran Omri and
	Ronen Shaltiel and
	Jad Silbak},
	title     = {Computational Two-Party Correlation: {A} Dichotomy for Key-Agreement
	Protocols},
	journal   = siamjc,
	volume    = {49},
	number    = {6},
	pages     = {1041--1082},
	year      = {2020},
}


@article{SV87,
	title={Generating quasi-random sequences from semi-random sources},
	author={Santha, Miklos and Vazirani, Umesh V},
	journal={Journal of computer and system sciences},
	volume={33},
	number={1},
	pages={75--87},
	year={1986},
	publisher={Elsevier}
}


@inproceedings{GKY11,
	title={Limits of computational differential privacy in the client/server setting},
	author={Groce, Adam and Katz, Jonathan and Yerukhimovich, Arkady},
	booktitle=tcc,
	pages={417--431},
	year={2011},
}


@inproceedings{chan2012optimal,
	title={Optimal lower bound for differentially private multi-party aggregation},
	author={Chan, TH Hubert and Shi, Elaine and Song, Dawn},
	booktitle={European Symposium on Algorithms},
	pages={277--288},
	year={2012},
}

@article{haitner2016limits,
	title={Limits on the usefulness of random oracles},
	author={Haitner, Iftach and Omri, Eran and Zarosim, Hila},
	journal={Journal of Cryptology},
	volume={29},
	number={2},
	pages={283--335},
	year={2016},
}


@inproceedings{DMNS06,
	title = {Calibrating Noise to Sensitivity in Private Data Analysis},
	author = {Cynthia Dwork and Frank McSherry and Kobbi Nissim and Adam Smith},
	booktitle = tcc,
	pages = {265-284},
	year = {2006}
}

@phdthesis{calabro2009exponential,
	title={The exponential complexity of satisfiability problems},
	author={Calabro, Chris},
	year={2009},
	school={UC San Diego}
}

@inproceedings{harnik2005robust,
	title={On robust combiners for oblivious transfer and other primitives},
	author={Harnik, Danny and Kilian, Joe and Naor, Moni and Reingold, Omer and Rosen, Alon},
	booktitle=ec,
	pages={96--113},
	year={2005},
	organization={Springer}
}



@article{vadhan2012pseudorandomness,
	author    = {Salil P. Vadhan},
	title     = {Pseudorandomness},
	journal   = {Found. Trends Theor. Comput. Sci.},
	volume    = {7},
	number    = {1-3},
	pages     = {1--336},
	year      = {2012},
}


@article{warner1965randomized,
	title={Randomized response: A survey technique for eliminating evasive answer bias},
	author={Warner, Stanley L},
	journal={Journal of the American Statistical Association},
	volume={60},
	number={309},
	pages={63--69},
	year={1965},
	publisher={Taylor \& Francis}
}



@article{RotemS24,
	author       = {Lior Rotem and Gil Segev},
	title        = {Tighter Security for Schnorr Identification and Signatures: {A} High-Moment
	Forking Lemma for {\textdollar}{\textbackslash}varvec\{{\textbackslash}Sigma
	\}{\textdollar}-Protocols},
	journal      = joc,
	volume       = {37},
	number       = {3},
	pages        = {26},
	year         = {2024},
}



@techreport{HaitnerLNR23,
	author = {Iftach Haitner and Yehuda Lindell
	 and Ariel Nof and  Samuel Ranellucci},
	title = {Fast Secure Multiparty ECDSA with Practical Distributed Key
	Generation and Applications to Cryptocurrency Custody},
	institution = eprint,
	number  = {2018/987},
	year = {2023},
}

@inproceedings{BunzAZB20,
	author       = {Benedikt B{\"{u}}nz and Shashank Agrawal and Mahdi Zamani and Dan Boneh},
	title        = {Zether: Towards Privacy in a Smart Contract World},
	booktitle    = {Financial Cryptography and Data Security},
	pages        = {423--443},
	year         = {2020},}
}

@inproceedings{HaitnerMRT22,
	author       = {Iftach Haitner and
	Nikolaos Makriyannis and
	Samuel Ranellucci and
	Eliad Tsfadia},
	title        = {Highly Efficient OT-Based Multiplication Protocols},
	booktitle    = ec,
	pages        = {180--209},
	year         = {2022},
}
